day,timestamp,product,bid_price_1,bid_volume_1,bid_price_2,bid_volume_2,bid_price_3,bid_volume_3,ask_price_1,ask_volume_1,ask_price_2,ask_volume_2,ask_price_3,ask_volume_3,mid_price,profit_and_loss,bid_price,ask_price,transportFees,exportTariff,importTariff,sunlight,humidity
1,0,ORCHIDS,1094,10,1093.0,3.0,1086.0,41.0,1102,10,1104.0,3.0,1111.0,41.0,1098.0,0.0,1097.5,1099.0,0.9,10.5,-5.0,2100.0,70.0
1,100,ORCHIDS,1094,6,1093.0,2.0,1087.0,51.0,1102,6,1103.0,2.0,1110.0,51.0,1098.0,0.0,1097.5,1099.0,0.9,9.5,-5.0,2099.757,70.02271
1,200,ORCHIDS,1093,6,1092.0,3.0,1085.0,49.0,1101,6,1102.0,3.0,1108.0,49.0,1097.0,0.0,1096.0,1097.5,0.9,9.5,-5.0,2099.5132,70.045395
1,300,ORCHIDS,1093,10,1092.0,4.0,1085.0,52.0,1101,10,1102.0,4.0,1109.0,52.0,1097.0,0.0,1096.0,1098.0,0.9,9.5,-5.0,2099.2683,70.06803
1,400,ORCHIDS,1093,10,1092.0,3.0,1086.0,51.0,1101,10,1102.0,3.0,1109.0,51.0,1097.0,0.0,1096.5,1098.0,0.9,9.5,-5.0,2099.0225,70.09064
1,500,ORCHIDS,1094,5,1093.0,4.0,1086.0,41.0,1102,5,1103.0,4.0,1109.0,41.0,1098.0,0.0,1097.0,1098.5,0.9,9.5,-5.0,2098.7756,70.1132
1,600,ORCHIDS,1093,10,1092.0,3.0,1086.0,49.0,1101,10,1102.0,3.0,1109.0,49.0,1097.0,0.0,1096.5,1098.0,0.9,9.5,-5.0,2098.528,70.13572
1,700,ORCHIDS,1093,6,1092.0,5.0,1086.0,41.0,1101,6,1102.0,5.0,1109.0,41.0,1097.0,0.0,1096.5,1098.0,0.9,9.5,-5.0,2098.2795,70.15821
1,800,ORCHIDS,1093,10,1092.0,3.0,1085.0,47.0,1101,10,1102.0,3.0,1108.0,47.0,1097.0,0.0,1096.0,1097.5,0.9,9.5,-5.0,2098.03,70.18066
1,900,ORCHIDS,1093,10,1092.0,5.0,1086.0,45.0,1101,10,1102.0,5.0,1109.0,45.0,1097.0,0.0,1096.5,1098.0,0.9,9.5,-5.0,2097.7795,70.20307
1,1000,ORCHIDS,1094,8,1092.0,3.0,1086.0,54.0,1101,8,1103.0,3.0,1109.0,54.0,1097.5,0.0,1096.5,1098.5,0.9,9.5,-5.0,2097.528,70.22544
1,1100,ORCHIDS,1092,10,1091.0,3.0,1085.0,57.0,1100,10,1101.0,3.0,1108.0,57.0,1096.0,0.0,1095.5,1097.0,0.9,9.5,-5.0,2097.276,70.24778
1,1200,ORCHIDS,1094,9,1093.0,5.0,1087.0,49.0,1102,9,1103.0,5.0,1110.0,49.0,1098.0,0.0,1097.5,1099.0,0.9,9.5,-5.0,2097.0225,70.27007
1,1300,ORCHIDS,1094,6,1093.0,4.0,1086.0,39.0,1102,6,1103.0,4.0,1109.0,39.0,1098.0,0.0,1097.0,1098.5,0.9,9.5,-5.0,2096.7683,70.292336
1,1400,ORCHIDS,1095,5,1094.0,4.0,1087.0,45.0,1103,5,1104.0,4.0,1110.0,45.0,1099.0,0.0,1098.0,1099.5,0.9,9.5,-5.0,2096.5132,70.31456
1,1500,ORCHIDS,1094,9,1093.0,2.0,1086.0,54.0,1102,9,1103.0,2.0,1109.0,54.0,1098.0,0.0,1097.0,1098.5,0.9,9.5,-5.0,2096.2573,70.33675
1,1600,ORCHIDS,1094,7,1093.0,2.0,1087.0,42.0,1102,7,1103.0,2.0,1110.0,42.0,1098.0,0.0,1097.5,1099.0,0.9,9.5,-5.0,2096.0005,70.358894
1,1700,ORCHIDS,1095,8,1094.0,4.0,1087.0,50.0,1103,8,1104.0,4.0,1110.0,50.0,1099.0,0.0,1098.0,1099.5,0.9,9.5,-5.0,2095.7424,70.381004
1,1800,ORCHIDS,1095,6,1094.0,4.0,1087.0,49.0,1103,6,1104.0,4.0,1110.0,49.0,1099.0,0.0,1098.0,1099.5,0.9,9.5,-5.0,2095.484,70.403076
1,1900,ORCHIDS,1097,5,1096.0,4.0,1089.0,40.0,1105,5,1106.0,4.0,1112.0,40.0,1101.0,0.0,1100.0,1101.5,0.9,9.5,-5.0,2095.224,70.42511
1,2000,ORCHIDS,1097,8,1096.0,2.0,1089.0,41.0,1105,8,1106.0,2.0,1112.0,41.0,1101.0,0.0,1100.0,1101.5,0.9,9.5,-5.0,2094.9636,70.44711
1,2100,ORCHIDS,1097,7,1096.0,3.0,1089.0,48.0,1105,7,1106.0,3.0,1112.0,48.0,1101.0,0.0,1100.0,1101.5,0.9,9.5,-5.0,2094.7021,70.46907
1,2200,ORCHIDS,1098,7,1097.0,2.0,1090.0,48.0,1106,7,1107.0,2.0,1113.0,48.0,1102.0,0.0,1101.0,1102.5,0.9,9.5,-5.0,2094.4397,70.491
1,2300,ORCHIDS,1099,9,1098.0,4.0,1091.0,47.0,1107,9,1108.0,4.0,1114.0,47.0,1103.0,0.0,1102.0,1103.5,0.9,9.5,-5.0,2094.1765,70.512886
1,2400,ORCHIDS,1099,10,1098.0,3.0,1091.0,51.0,1107,10,1108.0,3.0,1114.0,51.0,1103.0,0.0,1102.0,1103.5,0.9,9.5,-5.0,2093.9124,70.53474
1,2500,ORCHIDS,1096,10,1095.0,3.0,1089.0,48.0,1104,10,1105.0,3.0,1112.0,48.0,1100.0,0.0,1099.5,1101.0,0.9,9.5,-5.0,2093.6472,70.55655
1,2600,ORCHIDS,1094,6,1093.0,5.0,1087.0,36.0,1102,6,1103.0,5.0,1110.0,36.0,1098.0,0.0,1097.5,1099.0,0.9,9.5,-5.0,2093.381,70.57833
1,2700,ORCHIDS,1095,8,1094.0,3.0,1087.0,48.0,1103,8,1104.0,3.0,1110.0,48.0,1099.0,0.0,1098.0,1099.5,0.9,9.5,-5.0,2093.1143,70.60007
1,2800,ORCHIDS,1096,8,1095.0,5.0,1088.0,42.0,1104,8,1105.0,5.0,1111.0,42.0,1100.0,0.0,1099.0,1100.5,0.9,9.5,-5.0,2092.8464,70.62177
1,2900,ORCHIDS,1098,10,1097.0,4.0,1090.0,47.0,1106,10,1107.0,4.0,1113.0,47.0,1102.0,0.0,1101.0,1102.5,0.9,9.5,-5.0,2092.578,70.64344
1,3000,ORCHIDS,1098,10,1097.0,5.0,1091.0,48.0,1106,10,1107.0,5.0,1114.0,48.0,1102.0,0.0,1101.5,1103.0,0.9,9.5,-5.0,2092.3083,70.66508
1,3100,ORCHIDS,1100,5,1099.0,3.0,1093.0,48.0,1108,5,1109.0,3.0,1116.0,48.0,1104.0,0.0,1103.5,1105.0,0.9,9.5,-5.0,2092.0378,70.68667
1,3200,ORCHIDS,1099,6,1098.0,5.0,1091.0,46.0,1107,6,1108.0,5.0,1114.0,46.0,1103.0,0.0,1102.0,1103.5,0.9,9.5,-5.0,2091.7666,70.70823
1,3300,ORCHIDS,1098,6,1097.0,3.0,1091.0,44.0,1106,6,1107.0,3.0,1114.0,44.0,1102.0,0.0,1101.5,1103.0,0.9,9.5,-5.0,2091.4944,70.72975
1,3400,ORCHIDS,1098,6,1097.0,2.0,1091.0,50.0,1106,6,1107.0,2.0,1114.0,50.0,1102.0,0.0,1101.5,1103.0,0.9,9.5,-5.0,2091.2212,70.75124
1,3500,ORCHIDS,1098,6,1097.0,3.0,1090.0,41.0,1106,6,1107.0,3.0,1114.0,41.0,1102.0,0.0,1101.0,1103.0,0.9,9.5,-5.0,2090.9473,70.77269
1,3600,ORCHIDS,1098,8,1097.0,5.0,1090.0,53.0,1106,8,1107.0,5.0,1113.0,53.0,1102.0,0.0,1101.0,1102.5,0.9,9.5,-5.0,2090.6724,70.794106
1,3700,ORCHIDS,1097,5,1096.0,3.0,1090.0,45.0,1105,5,1106.0,3.0,1113.0,45.0,1101.0,0.0,1100.5,1102.0,0.9,9.5,-5.0,2090.3967,70.81548
1,3800,ORCHIDS,1098,10,1097.0,5.0,1091.0,50.0,1106,10,1107.0,5.0,1114.0,50.0,1102.0,0.0,1101.5,1103.0,0.9,9.5,-5.0,2090.12,70.83683
1,3900,ORCHIDS,1098,8,1097.0,3.0,1091.0,45.0,1106,8,1107.0,3.0,1114.0,45.0,1102.0,0.0,1101.5,1103.0,0.9,9.5,-5.0,2089.8425,70.85814
1,4000,ORCHIDS,1099,10,1098.0,4.0,1092.0,56.0,1107,10,1108.0,4.0,1115.0,56.0,1103.0,0.0,1102.5,1104.0,0.9,9.5,-5.0,2089.5642,70.87941
1,4100,ORCHIDS,1099,8,1098.0,5.0,1092.0,44.0,1107,8,1108.0,5.0,1115.0,44.0,1103.0,0.0,1102.5,1104.0,0.9,9.5,-5.0,2089.2852,70.90064
1,4200,ORCHIDS,1099,6,1098.0,5.0,1091.0,52.0,1107,6,1108.0,5.0,1114.0,52.0,1103.0,0.0,1102.0,1103.5,0.9,9.5,-5.0,2089.005,70.921844
1,4300,ORCHIDS,1100,9,1099.0,5.0,1092.0,51.0,1108,9,1109.0,5.0,1115.0,51.0,1104.0,0.0,1103.0,1104.5,0.9,9.5,-5.0,2088.724,70.94301
1,4400,ORCHIDS,1100,5,1099.0,5.0,1092.0,43.0,1108,5,1109.0,5.0,1116.0,43.0,1104.0,0.0,1103.0,1105.0,0.9,9.5,-5.0,2088.4421,70.964134
1,4500,ORCHIDS,1100,7,1099.0,5.0,1093.0,44.0,1108,7,1109.0,5.0,1116.0,44.0,1104.0,0.0,1103.5,1105.0,0.9,9.5,-5.0,2088.1594,70.98523
1,4600,ORCHIDS,1100,9,1099.0,3.0,1093.0,42.0,1108,9,1109.0,3.0,1116.0,42.0,1104.0,0.0,1103.5,1105.0,0.9,9.5,-5.0,2087.876,71.00629
1,4700,ORCHIDS,1099,6,1098.0,3.0,1092.0,52.0,1107,6,1108.0,3.0,1115.0,52.0,1103.0,0.0,1102.5,1104.0,0.9,9.5,-5.0,2087.5916,71.02731
1,4800,ORCHIDS,1099,8,1098.0,2.0,1091.0,53.0,1107,8,1108.0,2.0,1115.0,53.0,1103.0,0.0,1102.0,1104.0,0.9,9.5,-5.0,2087.3064,71.0483
1,4900,ORCHIDS,1098,5,1097.0,2.0,1090.0,47.0,1106,5,1107.0,2.0,1113.0,47.0,1102.0,0.0,1101.0,1102.5,0.9,9.5,-5.0,2087.0203,71.06925
1,5000,ORCHIDS,1097,8,1096.0,4.0,1090.0,53.0,1105,8,1106.0,4.0,1113.0,53.0,1101.0,0.0,1100.5,1102.0,0.9,9.5,-5.0,2086.7332,71.09017
1,5100,ORCHIDS,1096,6,1095.0,2.0,1089.0,43.0,1104,6,1105.0,2.0,1112.0,43.0,1100.0,0.0,1099.5,1101.0,0.9,9.5,-5.0,2086.4456,71.11105
1,5200,ORCHIDS,1097,9,1096.0,2.0,1090.0,51.0,1105,9,1106.0,2.0,1113.0,51.0,1101.0,0.0,1100.5,1102.0,0.9,9.5,-5.0,2086.1567,71.131905
1,5300,ORCHIDS,1098,9,1097.0,5.0,1091.0,41.0,1106,9,1107.0,5.0,1114.0,41.0,1102.0,0.0,1101.5,1103.0,0.9,9.5,-5.0,2085.8672,71.15272
1,5400,ORCHIDS,1098,6,1097.0,5.0,1091.0,39.0,1106,6,1107.0,5.0,1114.0,39.0,1102.0,0.0,1101.5,1103.0,0.9,9.5,-5.0,2085.577,71.17349
1,5500,ORCHIDS,1097,10,1096.0,3.0,1089.0,56.0,1105,10,1106.0,3.0,1112.0,56.0,1101.0,0.0,1100.0,1101.5,0.9,9.5,-5.0,2085.2856,71.19424
1,5600,ORCHIDS,1098,5,1097.0,2.0,1090.0,43.0,1106,5,1107.0,2.0,1113.0,43.0,1102.0,0.0,1101.0,1102.5,0.9,9.5,-5.0,2084.9937,71.21495
1,5700,ORCHIDS,1099,7,1098.0,5.0,1091.0,55.0,1107,7,1108.0,5.0,1114.0,55.0,1103.0,0.0,1102.0,1103.5,0.9,9.5,-5.0,2084.701,71.23563
1,5800,ORCHIDS,1099,10,1098.0,4.0,1091.0,53.0,1107,10,1108.0,4.0,1115.0,53.0,1103.0,0.0,1102.0,1104.0,0.9,9.5,-5.0,2084.4072,71.25626
1,5900,ORCHIDS,1098,9,1097.0,5.0,1090.0,52.0,1106,9,1107.0,5.0,1113.0,52.0,1102.0,0.0,1101.0,1102.5,0.9,9.5,-5.0,2084.1125,71.27687
1,6000,ORCHIDS,1098,10,1096.0,4.0,1090.0,58.0,1105,10,1107.0,4.0,1113.0,58.0,1101.5,0.0,1100.5,1102.5,0.9,9.5,-5.0,2083.8171,71.29744
1,6100,ORCHIDS,1098,8,1097.0,5.0,1091.0,49.0,1106,8,1107.0,5.0,1114.0,49.0,1102.0,0.0,1101.5,1103.0,0.9,9.5,-5.0,2083.521,71.31798
1,6200,ORCHIDS,1100,9,1099.0,2.0,1093.0,43.0,1108,9,1109.0,2.0,1116.0,43.0,1104.0,0.0,1103.5,1105.0,0.9,9.5,-5.0,2083.2239,71.33848
1,6300,ORCHIDS,1100,9,1099.0,2.0,1092.0,46.0,1108,9,1109.0,2.0,1116.0,46.0,1104.0,0.0,1103.0,1105.0,0.9,9.5,-5.0,2082.926,71.35895
1,6400,ORCHIDS,1098,7,1097.0,4.0,1091.0,48.0,1106,7,1107.0,4.0,1114.0,48.0,1102.0,0.0,1101.5,1103.0,0.9,9.5,-5.0,2082.6274,71.37939
1,6500,ORCHIDS,1097,9,1096.0,4.0,1090.0,46.0,1105,9,1106.0,4.0,1113.0,46.0,1101.0,0.0,1100.5,1102.0,0.9,9.5,-5.0,2082.328,71.39979
1,6600,ORCHIDS,1097,10,1096.0,4.0,1089.0,48.0,1105,10,1106.0,4.0,1113.0,48.0,1101.0,0.0,1100.0,1102.0,0.9,9.5,-5.0,2082.0276,71.42015
1,6700,ORCHIDS,1096,9,1095.0,2.0,1088.0,51.0,1104,9,1105.0,2.0,1111.0,51.0,1100.0,0.0,1099.0,1100.5,0.9,9.5,-5.0,2081.7263,71.44048
1,6800,ORCHIDS,1094,5,1093.0,5.0,1087.0,50.0,1102,5,1103.0,5.0,1110.0,50.0,1098.0,0.0,1097.5,1099.0,0.9,9.5,-5.0,2081.4243,71.460785
1,6900,ORCHIDS,1095,5,1094.0,5.0,1088.0,41.0,1103,5,1104.0,5.0,1111.0,41.0,1099.0,0.0,1098.5,1100.0,0.9,9.5,-5.0,2081.1216,71.48105
1,7000,ORCHIDS,1095,10,1094.0,3.0,1087.0,48.0,1103,10,1104.0,3.0,1111.0,48.0,1099.0,0.0,1098.0,1100.0,0.9,9.5,-5.0,2080.8179,71.50128
1,7100,ORCHIDS,1095,6,1094.0,5.0,1087.0,49.0,1103,6,1104.0,5.0,1111.0,49.0,1099.0,0.0,1098.0,1100.0,0.9,9.5,-5.0,2080.5134,71.52148
1,7200,ORCHIDS,1096,8,1095.0,3.0,1089.0,38.0,1104,8,1105.0,3.0,1112.0,38.0,1100.0,0.0,1099.5,1101.0,0.9,9.5,-5.0,2080.2083,71.54164
1,7300,ORCHIDS,1096,8,1095.0,3.0,1089.0,44.0,1104,8,1105.0,3.0,1112.0,44.0,1100.0,0.0,1099.5,1101.0,0.9,9.5,-5.0,2079.9023,71.561775
1,7400,ORCHIDS,1096,10,1095.0,3.0,1088.0,46.0,1104,10,1105.0,3.0,1111.0,46.0,1100.0,0.0,1099.0,1100.5,0.9,9.5,-5.0,2079.5955,71.58187
1,7500,ORCHIDS,1098,8,1097.0,4.0,1090.0,40.0,1106,8,1107.0,4.0,1113.0,40.0,1102.0,0.0,1101.0,1102.5,0.9,9.5,-5.0,2079.2878,71.60194
1,7600,ORCHIDS,1098,9,1097.0,5.0,1090.0,53.0,1106,9,1107.0,5.0,1113.0,53.0,1102.0,0.0,1101.0,1102.5,0.9,9.5,-5.0,2078.9792,71.62197
1,7700,ORCHIDS,1097,7,1096.0,3.0,1089.0,44.0,1105,7,1106.0,3.0,1112.0,44.0,1101.0,0.0,1100.0,1101.5,0.9,9.5,-5.0,2078.67,71.64197
1,7800,ORCHIDS,1094,8,1093.0,3.0,1087.0,41.0,1102,8,1103.0,3.0,1110.0,41.0,1098.0,0.0,1097.5,1099.0,0.9,9.5,-5.0,2078.3599,71.661934
1,7900,ORCHIDS,1093,6,1092.0,2.0,1086.0,41.0,1101,6,1102.0,2.0,1109.0,41.0,1097.0,0.0,1096.5,1098.0,0.9,9.5,-5.0,2078.049,71.68186
1,8000,ORCHIDS,1099,2,1093.0,9.0,1092.0,2.0,1101,9,1102.0,2.0,1109.0,48.0,1100.0,0.0,1096.0,1098.0,0.9,9.5,-5.0,2077.7375,71.70176
1,8100,ORCHIDS,1093,6,1092.0,2.0,1085.0,47.0,1101,6,1102.0,2.0,1108.0,47.0,1097.0,0.0,1096.0,1097.5,0.9,9.5,-5.0,2077.425,71.72163
1,8200,ORCHIDS,1092,5,1091.0,2.0,1084.0,43.0,1100,5,1101.0,2.0,1107.0,43.0,1096.0,0.0,1095.0,1096.5,0.9,9.5,-5.0,2077.1118,71.74146
1,8300,ORCHIDS,1092,6,1091.0,4.0,1085.0,43.0,1100,6,1101.0,4.0,1108.0,43.0,1096.0,0.0,1095.5,1097.0,0.9,9.5,-5.0,2076.7979,71.76126
1,8400,ORCHIDS,1093,9,1092.0,3.0,1086.0,46.0,1101,9,1102.0,3.0,1109.0,46.0,1097.0,0.0,1096.5,1098.0,0.9,9.5,-5.0,2076.483,71.78103
1,8500,ORCHIDS,1093,7,1092.0,2.0,1085.0,39.0,1101,7,1102.0,2.0,1108.0,39.0,1097.0,0.0,1096.0,1097.5,0.9,9.5,-5.0,2076.1672,71.800766
1,8600,ORCHIDS,1092,8,1091.0,4.0,1084.0,46.0,1100,8,1101.0,4.0,1107.0,46.0,1096.0,0.0,1095.0,1096.5,0.9,9.5,-5.0,2075.8508,71.820465
1,8700,ORCHIDS,1092,7,1090.0,2.0,1084.0,51.0,1099,7,1101.0,2.0,1107.0,51.0,1095.5,0.0,1094.5,1096.5,0.9,9.5,-5.0,2075.5337,71.84013
1,8800,ORCHIDS,1091,8,1090.0,3.0,1084.0,44.0,1099,8,1100.0,3.0,1107.0,44.0,1095.0,0.0,1094.5,1096.0,0.9,9.5,-5.0,2075.2158,71.85977
1,8900,ORCHIDS,1090,9,1089.0,4.0,1083.0,48.0,1098,9,1099.0,4.0,1106.0,48.0,1094.0,0.0,1093.5,1095.0,0.9,9.5,-5.0,2074.8972,71.87938
1,9000,ORCHIDS,1091,7,1090.0,3.0,1083.0,47.0,1099,7,1100.0,3.0,1106.0,47.0,1095.0,0.0,1094.0,1095.5,0.9,9.5,-5.0,2074.5776,71.89896
1,9100,ORCHIDS,1090,5,1089.0,3.0,1082.0,43.0,1094,9,1098.0,5.0,1099.0,3.0,1092.0,0.0,1093.0,1094.5,0.9,9.5,-5.0,2074.2573,71.918495
1,9200,ORCHIDS,1087,9,1086.0,2.0,1080.0,47.0,1095,9,1096.0,2.0,1103.0,47.0,1091.0,0.0,1090.5,1092.0,0.9,9.5,-5.0,2073.9363,71.938
1,9300,ORCHIDS,1087,8,1086.0,4.0,1080.0,43.0,1095,8,1096.0,4.0,1103.0,43.0,1091.0,0.0,1090.5,1092.0,0.9,9.5,-5.0,2073.6145,71.95748
1,9400,ORCHIDS,1088,9,1087.0,3.0,1081.0,49.0,1096,9,1097.0,3.0,1104.0,49.0,1092.0,0.0,1091.5,1093.0,0.9,9.5,-5.0,2073.2917,71.97692
1,9500,ORCHIDS,1087,8,1086.0,4.0,1080.0,48.0,1095,8,1096.0,4.0,1103.0,48.0,1091.0,0.0,1090.5,1092.0,0.9,9.5,-5.0,2072.9685,71.99634
1,9600,ORCHIDS,1086,10,1085.0,3.0,1079.0,50.0,1094,10,1095.0,3.0,1102.0,50.0,1090.0,0.0,1089.5,1091.0,0.9,9.5,-5.0,2072.6443,72.01572
1,9700,ORCHIDS,1086,5,1085.0,3.0,1078.0,50.0,1094,5,1095.0,3.0,1101.0,50.0,1090.0,0.0,1089.0,1090.5,0.9,9.5,-5.0,2072.3196,72.035065
1,9800,ORCHIDS,1086,10,1084.0,5.0,1078.0,49.0,1093,10,1095.0,5.0,1101.0,49.0,1089.5,0.0,1088.5,1090.5,0.9,9.5,-5.0,2071.994,72.05438
1,9900,ORCHIDS,1088,5,1085.0,5.0,1084.0,4.0,1093,5,1094.0,4.0,1100.0,54.0,1090.5,0.0,1088.0,1089.5,0.9,9.5,-5.0,2071.6675,72.07367
1,10000,ORCHIDS,1085,10,1084.0,5.0,1077.0,47.0,1093,10,1094.0,5.0,1101.0,47.0,1089.0,0.0,1088.0,1090.0,0.9,9.5,-5.0,2071.3403,72.09292
1,10100,ORCHIDS,1084,7,1083.0,4.0,1076.0,41.0,1092,7,1093.0,4.0,1099.0,41.0,1088.0,0.0,1087.0,1088.5,0.9,9.5,-5.0,2071.0122,72.112144
1,10200,ORCHIDS,1083,5,1082.0,4.0,1075.0,48.0,1091,5,1092.0,4.0,1098.0,48.0,1087.0,0.0,1086.0,1087.5,0.9,9.5,-5.0,2070.6836,72.13133
1,10300,ORCHIDS,1084,8,1083.0,3.0,1077.0,47.0,1092,8,1093.0,3.0,1100.0,47.0,1088.0,0.0,1087.5,1089.0,0.9,9.5,-5.0,2070.3542,72.1505
1,10400,ORCHIDS,1085,7,1083.0,4.0,1077.0,46.0,1092,7,1094.0,4.0,1100.0,46.0,1088.5,0.0,1087.5,1089.5,0.9,9.5,-5.0,2070.024,72.169624
1,10500,ORCHIDS,1085,5,1083.0,5.0,1077.0,54.0,1092,5,1094.0,5.0,1100.0,54.0,1088.5,0.0,1087.5,1089.5,0.9,9.5,-5.0,2069.693,72.18872
1,10600,ORCHIDS,1086,8,1085.0,5.0,1078.0,53.0,1094,8,1095.0,5.0,1101.0,53.0,1090.0,0.0,1089.0,1090.5,0.9,9.5,-5.0,2069.3613,72.20779
1,10700,ORCHIDS,1085,8,1084.0,4.0,1077.0,41.0,1093,8,1094.0,4.0,1100.0,41.0,1089.0,0.0,1088.0,1089.5,0.9,9.5,-5.0,2069.029,72.22682
1,10800,ORCHIDS,1084,6,1083.0,4.0,1077.0,47.0,1092,6,1093.0,4.0,1100.0,47.0,1088.0,0.0,1087.5,1089.0,0.9,9.5,-5.0,2068.6958,72.24583
1,10900,ORCHIDS,1085,10,1084.0,4.0,1077.0,52.0,1093,10,1094.0,4.0,1100.0,52.0,1089.0,0.0,1088.0,1089.5,0.9,9.5,-5.0,2068.3618,72.26479
1,11000,ORCHIDS,1085,8,1084.0,4.0,1077.0,42.0,1093,8,1094.0,4.0,1100.0,42.0,1089.0,0.0,1088.0,1089.5,0.9,9.5,-5.0,2068.0273,72.28374
1,11100,ORCHIDS,1083,10,1082.0,4.0,1076.0,49.0,1091,10,1092.0,4.0,1099.0,49.0,1087.0,0.0,1086.5,1088.0,0.9,9.5,-5.0,2067.692,72.30265
1,11200,ORCHIDS,1083,10,1082.0,5.0,1076.0,56.0,1091,10,1092.0,5.0,1099.0,56.0,1087.0,0.0,1086.5,1088.0,0.9,9.5,-5.0,2067.3557,72.321526
1,11300,ORCHIDS,1082,10,1081.0,2.0,1075.0,52.0,1090,10,1091.0,2.0,1098.0,52.0,1086.0,0.0,1085.5,1087.0,0.9,9.5,-5.0,2067.0188,72.34038
1,11400,ORCHIDS,1082,5,1081.0,3.0,1074.0,39.0,1090,5,1091.0,3.0,1097.0,39.0,1086.0,0.0,1085.0,1086.5,0.9,9.5,-5.0,2066.6814,72.3592
1,11500,ORCHIDS,1082,10,1081.0,4.0,1074.0,53.0,1090,10,1091.0,4.0,1097.0,53.0,1086.0,0.0,1085.0,1086.5,0.9,9.5,-5.0,2066.343,72.37798
1,11600,ORCHIDS,1081,6,1080.0,5.0,1074.0,53.0,1089,6,1090.0,5.0,1097.0,53.0,1085.0,0.0,1084.5,1086.0,0.9,9.5,-5.0,2066.004,72.39674
1,11700,ORCHIDS,1082,7,1080.0,3.0,1074.0,44.0,1089,7,1091.0,3.0,1097.0,44.0,1085.5,0.0,1084.5,1086.5,0.9,9.5,-5.0,2065.6643,72.41547
1,11800,ORCHIDS,1082,7,1080.0,2.0,1074.0,43.0,1089,7,1091.0,2.0,1097.0,43.0,1085.5,0.0,1084.5,1086.5,0.9,9.5,-5.0,2065.3237,72.434166
1,11900,ORCHIDS,1082,10,1081.0,2.0,1075.0,42.0,1090,10,1091.0,2.0,1098.0,42.0,1086.0,0.0,1085.5,1087.0,0.9,9.5,-5.0,2064.9824,72.452835
1,12000,ORCHIDS,1081,5,1080.0,2.0,1073.0,38.0,1089,5,1090.0,2.0,1096.0,38.0,1085.0,0.0,1084.0,1085.5,0.9,9.5,-5.0,2064.6406,72.47147
1,12100,ORCHIDS,1082,8,1081.0,3.0,1074.0,43.0,1086,5,1090.0,8.0,1091.0,3.0,1084.0,0.0,1085.0,1086.5,0.9,9.5,-5.0,2064.2979,72.490074
1,12200,ORCHIDS,1082,7,1081.0,2.0,1075.0,43.0,1090,7,1091.0,2.0,1098.0,43.0,1086.0,0.0,1085.5,1087.0,0.9,9.5,-5.0,2063.9546,72.50865
1,12300,ORCHIDS,1083,5,1082.0,3.0,1076.0,36.0,1091,5,1092.0,3.0,1099.0,36.0,1087.0,0.0,1086.5,1088.0,0.9,9.5,-5.0,2063.6104,72.5272
1,12400,ORCHIDS,1083,10,1082.0,4.0,1076.0,58.0,1091,10,1092.0,4.0,1099.0,58.0,1087.0,0.0,1086.5,1088.0,0.9,9.5,-5.0,2063.2656,72.545715
1,12500,ORCHIDS,1083,5,1082.0,5.0,1075.0,45.0,1091,5,1092.0,5.0,1098.0,45.0,1087.0,0.0,1086.0,1087.5,0.9,9.5,-5.0,2062.9202,72.5642
1,12600,ORCHIDS,1083,5,1082.0,3.0,1075.0,43.0,1091,5,1092.0,3.0,1098.0,43.0,1087.0,0.0,1086.0,1087.5,0.9,9.5,-5.0,2062.574,72.58266
1,12700,ORCHIDS,1084,8,1083.0,4.0,1076.0,45.0,1088,7,1092.0,8.0,1093.0,4.0,1086.0,0.0,1087.0,1088.5,0.9,9.5,-5.0,2062.227,72.60108
1,12800,ORCHIDS,1084,9,1083.0,2.0,1076.0,51.0,1092,9,1093.0,2.0,1099.0,51.0,1088.0,0.0,1087.0,1088.5,0.9,9.5,-5.0,2061.8794,72.619484
1,12900,ORCHIDS,1083,8,1082.0,5.0,1075.0,57.0,1091,8,1092.0,5.0,1098.0,57.0,1087.0,0.0,1086.0,1087.5,0.9,9.5,-5.0,2061.531,72.63785
1,13000,ORCHIDS,1084,7,1083.0,4.0,1076.0,50.0,1092,7,1093.0,4.0,1099.0,50.0,1088.0,0.0,1087.0,1088.5,0.9,9.5,-5.0,2061.1821,72.65619
1,13100,ORCHIDS,1083,5,1082.0,5.0,1076.0,43.0,1091,5,1092.0,5.0,1099.0,43.0,1087.0,0.0,1086.5,1088.0,0.9,9.5,-5.0,2060.8323,72.67449
1,13200,ORCHIDS,1083,6,1082.0,2.0,1076.0,43.0,1091,6,1092.0,2.0,1099.0,43.0,1087.0,0.0,1086.5,1088.0,0.9,9.5,-5.0,2060.482,72.69277
1,13300,ORCHIDS,1085,9,1084.0,2.0,1077.0,58.0,1093,9,1094.0,2.0,1100.0,58.0,1089.0,0.0,1088.0,1089.5,0.9,9.5,-5.0,2060.1309,72.71102
1,13400,ORCHIDS,1084,7,1083.0,5.0,1077.0,54.0,1092,7,1093.0,5.0,1100.0,54.0,1088.0,0.0,1087.5,1089.0,0.9,9.5,-5.0,2059.779,72.72925
1,13500,ORCHIDS,1083,6,1082.0,2.0,1075.0,46.0,1091,6,1092.0,2.0,1098.0,46.0,1087.0,0.0,1086.0,1087.5,0.9,9.5,-5.0,2059.4265,72.74744
1,13600,ORCHIDS,1084,7,1083.0,3.0,1076.0,50.0,1092,7,1093.0,3.0,1099.0,50.0,1088.0,0.0,1087.0,1088.5,0.9,9.5,-5.0,2059.0732,72.7656
1,13700,ORCHIDS,1084,8,1083.0,4.0,1077.0,57.0,1092,8,1093.0,4.0,1100.0,57.0,1088.0,0.0,1087.5,1089.0,0.9,9.5,-5.0,2058.7195,72.78373
1,13800,ORCHIDS,1085,6,1084.0,4.0,1077.0,47.0,1093,6,1094.0,4.0,1100.0,47.0,1089.0,0.0,1088.0,1089.5,0.9,9.5,-5.0,2058.3647,72.801834
1,13900,ORCHIDS,1085,6,1084.0,5.0,1077.0,46.0,1093,6,1094.0,5.0,1101.0,46.0,1089.0,0.0,1088.0,1090.0,0.9,9.5,-5.0,2058.0095,72.81991
1,14000,ORCHIDS,1087,7,1086.0,2.0,1080.0,50.0,1095,7,1096.0,2.0,1103.0,50.0,1091.0,0.0,1090.5,1092.0,0.9,9.5,-5.0,2057.6536,72.83796
1,14100,ORCHIDS,1087,10,1086.0,2.0,1080.0,50.0,1095,10,1096.0,2.0,1103.0,50.0,1091.0,0.0,1090.5,1092.0,0.9,9.5,-5.0,2057.297,72.85597
1,14200,ORCHIDS,1086,9,1085.0,4.0,1078.0,50.0,1094,9,1095.0,4.0,1101.0,50.0,1090.0,0.0,1089.0,1090.5,0.9,9.5,-5.0,2056.9397,72.87396
1,14300,ORCHIDS,1086,6,1085.0,4.0,1078.0,48.0,1094,6,1095.0,4.0,1101.0,48.0,1090.0,0.0,1089.0,1090.5,0.9,9.5,-5.0,2056.5818,72.89192
1,14400,ORCHIDS,1086,5,1085.0,5.0,1078.0,49.0,1094,5,1095.0,5.0,1102.0,49.0,1090.0,0.0,1089.0,1091.0,0.9,9.5,-5.0,2056.2231,72.90986
1,14500,ORCHIDS,1087,10,1086.0,5.0,1079.0,44.0,1095,10,1096.0,5.0,1102.0,44.0,1091.0,0.0,1090.0,1091.5,0.9,9.5,-5.0,2055.8638,72.92776
1,14600,ORCHIDS,1088,7,1087.0,2.0,1080.0,41.0,1096,7,1097.0,2.0,1103.0,41.0,1092.0,0.0,1091.0,1092.5,0.9,9.5,-5.0,2055.504,72.94563
1,14700,ORCHIDS,1088,9,1087.0,4.0,1080.0,48.0,1096,9,1097.0,4.0,1103.0,48.0,1092.0,0.0,1091.0,1092.5,0.9,9.5,-5.0,2055.143,72.96348
1,14800,ORCHIDS,1088,6,1087.0,3.0,1080.0,44.0,1096,6,1097.0,3.0,1103.0,44.0,1092.0,0.0,1091.0,1092.5,0.9,9.5,-5.0,2054.7817,72.9813
1,14900,ORCHIDS,1092,8,1089.0,7.0,1088.0,5.0,1097,7,1098.0,5.0,1104.0,47.0,1094.5,0.0,1092.0,1093.5,0.9,9.5,-5.0,2054.42,72.99909
1,15000,ORCHIDS,1088,9,1087.0,4.0,1081.0,51.0,1096,9,1097.0,4.0,1104.0,51.0,1092.0,0.0,1091.5,1093.0,0.9,9.5,-5.0,2054.0571,73.01685
1,15100,ORCHIDS,1088,10,1087.0,2.0,1081.0,52.0,1096,10,1097.0,2.0,1104.0,52.0,1092.0,0.0,1091.5,1093.0,0.9,9.5,-5.0,2053.6938,73.034584
1,15200,ORCHIDS,1087,6,1086.0,3.0,1080.0,45.0,1095,6,1096.0,3.0,1103.0,45.0,1091.0,0.0,1090.5,1092.0,0.9,9.5,-5.0,2053.3298,73.05229
1,15300,ORCHIDS,1087,5,1086.0,4.0,1080.0,46.0,1095,5,1096.0,4.0,1103.0,46.0,1091.0,0.0,1090.5,1092.0,0.9,9.5,-5.0,2052.9653,73.06997
1,15400,ORCHIDS,1087,10,1086.0,3.0,1079.0,52.0,1095,10,1096.0,3.0,1102.0,52.0,1091.0,0.0,1090.0,1091.5,0.9,9.5,-5.0,2052.5999,73.087616
1,15500,ORCHIDS,1094,4,1088.0,8.0,1087.0,4.0,1096,8,1097.0,4.0,1104.0,45.0,1095.0,0.0,1091.5,1093.0,0.9,9.5,-5.0,2052.234,73.10524
1,15600,ORCHIDS,1088,6,1087.0,4.0,1080.0,47.0,1096,6,1097.0,4.0,1103.0,47.0,1092.0,0.0,1091.0,1092.5,0.9,9.5,-5.0,2051.8674,73.12283
1,15700,ORCHIDS,1087,5,1086.0,3.0,1080.0,35.0,1095,5,1096.0,3.0,1103.0,35.0,1091.0,0.0,1090.5,1092.0,0.9,9.5,-5.0,2051.5002,73.1404
1,15800,ORCHIDS,1087,8,1086.0,4.0,1080.0,49.0,1095,8,1096.0,4.0,1103.0,49.0,1091.0,0.0,1090.5,1092.0,0.9,9.5,-5.0,2051.1323,73.157936
1,15900,ORCHIDS,1086,5,1085.0,2.0,1079.0,47.0,1089,5,1094.0,5.0,1095.0,2.0,1087.5,0.0,1089.5,1091.0,0.9,9.5,-5.0,2050.7637,73.17545
1,16000,ORCHIDS,1087,6,1086.0,5.0,1080.0,45.0,1095,6,1096.0,5.0,1103.0,45.0,1091.0,0.0,1090.5,1092.0,0.9,9.5,-5.0,2050.3945,73.19293
1,16100,ORCHIDS,1087,8,1086.0,2.0,1080.0,44.0,1095,8,1096.0,2.0,1103.0,44.0,1091.0,0.0,1090.5,1092.0,0.9,9.5,-5.0,2050.0247,73.21039
1,16200,ORCHIDS,1087,6,1086.0,2.0,1079.0,37.0,1095,6,1096.0,2.0,1103.0,37.0,1091.0,0.0,1090.0,1092.0,0.9,9.5,-5.0,2049.6543,73.22782
1,16300,ORCHIDS,1086,8,1085.0,2.0,1078.0,49.0,1094,8,1095.0,2.0,1101.0,49.0,1090.0,0.0,1089.0,1090.5,0.9,9.5,-5.0,2049.2832,73.245224
1,16400,ORCHIDS,1086,7,1084.0,5.0,1078.0,52.0,1093,7,1095.0,5.0,1101.0,52.0,1089.5,0.0,1088.5,1090.5,0.9,9.5,-5.0,2048.9114,73.262596
1,16500,ORCHIDS,1088,8,1085.0,10.0,1084.0,4.0,1093,10,1094.0,4.0,1100.0,47.0,1090.5,0.0,1088.0,1089.5,0.9,9.5,-5.0,2048.539,73.279945
1,16600,ORCHIDS,1084,8,1083.0,2.0,1076.0,45.0,1086,3,1092.0,8.0,1093.0,2.0,1085.0,0.0,1087.0,1088.5,0.9,9.5,-5.0,2048.166,73.297264
1,16700,ORCHIDS,1085,5,1084.0,5.0,1077.0,48.0,1093,5,1094.0,5.0,1100.0,48.0,1089.0,0.0,1088.0,1089.5,0.9,9.5,-5.0,2047.7924,73.31456
1,16800,ORCHIDS,1085,9,1083.0,4.0,1077.0,46.0,1092,9,1094.0,4.0,1100.0,46.0,1088.5,0.0,1087.5,1089.5,0.9,9.5,-5.0,2047.4181,73.331825
1,16900,ORCHIDS,1084,8,1083.0,4.0,1076.0,50.0,1092,8,1093.0,4.0,1099.0,50.0,1088.0,0.0,1087.0,1088.5,0.9,9.5,-5.0,2047.0432,73.34907
1,17000,ORCHIDS,1085,6,1084.0,4.0,1078.0,46.0,1093,6,1094.0,4.0,1101.0,46.0,1089.0,0.0,1088.5,1090.0,0.8,9.5,-5.0,2046.6676,73.36628
1,17100,ORCHIDS,1086,6,1085.0,4.0,1078.0,50.0,1094,6,1095.0,4.0,1101.0,50.0,1090.0,0.0,1089.0,1090.5,0.8,9.5,-5.0,2046.2915,73.38347
1,17200,ORCHIDS,1086,9,1085.0,3.0,1078.0,52.0,1094,9,1095.0,3.0,1101.0,52.0,1090.0,0.0,1089.0,1090.5,0.8,9.5,-4.5,2045.9147,73.40063
1,17300,ORCHIDS,1083,6,1082.0,3.0,1075.0,48.0,1091,6,1092.0,3.0,1098.0,48.0,1087.0,0.0,1086.0,1087.5,0.8,9.5,-4.5,2045.5374,73.41776
1,17400,ORCHIDS,1083,9,1082.0,4.0,1075.0,41.0,1091,9,1092.0,4.0,1098.0,41.0,1087.0,0.0,1086.0,1087.5,0.8,9.5,-4.5,2045.1593,73.43487
1,17500,ORCHIDS,1082,9,1081.0,2.0,1075.0,51.0,1090,9,1091.0,2.0,1098.0,51.0,1086.0,0.0,1085.5,1087.0,0.8,9.5,-4.5,2044.7806,73.45194
1,17600,ORCHIDS,1082,8,1081.0,5.0,1075.0,48.0,1090,8,1091.0,5.0,1098.0,48.0,1086.0,0.0,1085.5,1087.0,0.8,9.5,-4.5,2044.4015,73.469
1,17700,ORCHIDS,1082,10,1081.0,2.0,1075.0,48.0,1090,10,1091.0,2.0,1098.0,48.0,1086.0,0.0,1085.5,1087.0,0.8,9.5,-4.5,2044.0216,73.48603
1,17800,ORCHIDS,1083,10,1081.0,4.0,1075.0,46.0,1090,10,1092.0,4.0,1098.0,46.0,1086.5,0.0,1085.5,1087.5,0.8,9.5,-4.5,2043.6411,73.50303
1,17900,ORCHIDS,1082,7,1081.0,4.0,1074.0,47.0,1090,7,1091.0,4.0,1097.0,47.0,1086.0,0.0,1085.0,1086.5,0.8,9.5,-4.5,2043.26,73.520004
1,18000,ORCHIDS,1082,6,1081.0,3.0,1075.0,39.0,1090,6,1091.0,3.0,1098.0,39.0,1086.0,0.0,1085.5,1087.0,0.8,9.5,-4.5,2042.8784,73.53696
1,18100,ORCHIDS,1082,5,1081.0,5.0,1075.0,55.0,1090,5,1091.0,5.0,1098.0,55.0,1086.0,0.0,1085.5,1087.0,0.8,9.5,-4.5,2042.4961,73.55388
1,18200,ORCHIDS,1081,6,1080.0,5.0,1074.0,49.0,1089,6,1090.0,5.0,1097.0,49.0,1085.0,0.0,1084.5,1086.0,0.8,9.5,-4.5,2042.1132,73.57077
1,18300,ORCHIDS,1083,7,1082.0,2.0,1075.0,55.0,1091,7,1092.0,2.0,1098.0,55.0,1087.0,0.0,1086.0,1087.5,0.8,9.5,-4.5,2041.7297,73.58765
1,18400,ORCHIDS,1083,9,1081.0,3.0,1075.0,50.0,1090,9,1092.0,3.0,1098.0,50.0,1086.5,0.0,1085.5,1087.5,0.8,9.5,-4.5,2041.3456,73.60449
1,18500,ORCHIDS,1083,7,1082.0,5.0,1076.0,46.0,1091,7,1092.0,5.0,1099.0,46.0,1087.0,0.0,1086.5,1088.0,0.8,9.5,-4.5,2040.9609,73.62131
1,18600,ORCHIDS,1084,5,1083.0,4.0,1077.0,48.0,1092,5,1093.0,4.0,1100.0,48.0,1088.0,0.0,1087.5,1089.0,0.8,9.5,-4.5,2040.5757,73.63811
1,18700,ORCHIDS,1083,7,1082.0,3.0,1076.0,38.0,1091,7,1092.0,3.0,1099.0,38.0,1087.0,0.0,1086.5,1088.0,0.8,9.5,-4.5,2040.1898,73.65487
1,18800,ORCHIDS,1085,9,1084.0,4.0,1077.0,53.0,1093,9,1094.0,4.0,1100.0,53.0,1089.0,0.0,1088.0,1089.5,0.8,9.5,-4.5,2039.8033,73.671616
1,18900,ORCHIDS,1085,9,1084.0,3.0,1077.0,57.0,1093,9,1094.0,3.0,1101.0,57.0,1089.0,0.0,1088.0,1090.0,0.8,9.5,-4.5,2039.4163,73.68833
1,19000,ORCHIDS,1083,9,1082.0,2.0,1075.0,54.0,1091,9,1092.0,2.0,1098.0,54.0,1087.0,0.0,1086.0,1087.5,0.8,9.5,-4.5,2039.0287,73.705025
1,19100,ORCHIDS,1082,8,1081.0,2.0,1075.0,54.0,1090,8,1091.0,2.0,1098.0,54.0,1086.0,0.0,1085.5,1087.0,0.8,9.5,-4.5,2038.6404,73.72169
1,19200,ORCHIDS,1082,10,1081.0,4.0,1075.0,49.0,1090,10,1091.0,4.0,1098.0,49.0,1086.0,0.0,1085.5,1087.0,0.8,9.5,-4.5,2038.2516,73.738335
1,19300,ORCHIDS,1084,10,1083.0,2.0,1077.0,52.0,1092,10,1093.0,2.0,1100.0,52.0,1088.0,0.0,1087.5,1089.0,0.8,9.5,-4.5,2037.8622,73.75495
1,19400,ORCHIDS,1083,7,1082.0,2.0,1076.0,51.0,1091,7,1092.0,2.0,1099.0,51.0,1087.0,0.0,1086.5,1088.0,0.8,9.5,-4.5,2037.4722,73.77154
1,19500,ORCHIDS,1083,10,1082.0,2.0,1075.0,47.0,1091,10,1092.0,2.0,1098.0,47.0,1087.0,0.0,1086.0,1087.5,0.8,9.5,-4.5,2037.0817,73.78811
1,19600,ORCHIDS,1083,7,1082.0,4.0,1076.0,50.0,1091,7,1092.0,4.0,1099.0,50.0,1087.0,0.0,1086.5,1088.0,0.8,9.5,-4.5,2036.6906,73.80465
1,19700,ORCHIDS,1084,9,1083.0,2.0,1077.0,51.0,1092,9,1093.0,2.0,1100.0,51.0,1088.0,0.0,1087.5,1089.0,0.8,9.5,-4.5,2036.2988,73.82116
1,19800,ORCHIDS,1085,5,1084.0,2.0,1078.0,50.0,1093,5,1094.0,2.0,1101.0,50.0,1089.0,0.0,1088.5,1090.0,0.8,9.5,-4.5,2035.9066,73.837654
1,19900,ORCHIDS,1087,5,1086.0,4.0,1080.0,49.0,1095,5,1096.0,4.0,1103.0,49.0,1091.0,0.0,1090.5,1092.0,0.8,9.5,-4.5,2035.5137,73.85412
1,20000,ORCHIDS,1087,6,1086.0,4.0,1080.0,43.0,1095,6,1096.0,4.0,1103.0,43.0,1091.0,0.0,1090.5,1092.0,0.8,9.5,-4.5,2035.1202,73.87056
1,20100,ORCHIDS,1088,9,1087.0,4.0,1081.0,50.0,1096,9,1097.0,4.0,1104.0,50.0,1092.0,0.0,1091.5,1093.0,0.8,9.5,-4.5,2034.7263,73.88698
1,20200,ORCHIDS,1093,9,1090.0,6.0,1089.0,4.0,1098,6,1099.0,4.0,1105.0,42.0,1095.5,0.0,1093.0,1094.5,0.8,9.5,-4.5,2034.3318,73.90337
1,20300,ORCHIDS,1088,5,1087.0,4.0,1080.0,49.0,1096,5,1097.0,4.0,1103.0,49.0,1092.0,0.0,1091.0,1092.5,0.8,9.5,-4.5,2033.9366,73.91974
1,20400,ORCHIDS,1089,9,1088.0,3.0,1081.0,55.0,1097,9,1098.0,3.0,1104.0,55.0,1093.0,0.0,1092.0,1093.5,0.8,9.5,-4.5,2033.541,73.93608
1,20500,ORCHIDS,1088,8,1087.0,5.0,1080.0,56.0,1090,2,1096.0,8.0,1097.0,5.0,1089.0,0.0,1091.0,1092.5,0.8,9.5,-4.5,2033.1448,73.9524
1,20600,ORCHIDS,1088,8,1087.0,3.0,1080.0,50.0,1096,8,1097.0,3.0,1103.0,50.0,1092.0,0.0,1091.0,1092.5,0.8,9.5,-4.5,2032.7479,73.9687
1,20700,ORCHIDS,1088,5,1087.0,3.0,1080.0,38.0,1096,5,1097.0,3.0,1103.0,38.0,1092.0,0.0,1091.0,1092.5,0.8,9.5,-4.5,2032.3506,73.98497
1,20800,ORCHIDS,1088,7,1087.0,5.0,1080.0,48.0,1096,7,1097.0,5.0,1103.0,48.0,1092.0,0.0,1091.0,1092.5,0.8,9.5,-4.5,2031.9528,74.00121
1,20900,ORCHIDS,1088,9,1087.0,2.0,1081.0,48.0,1096,9,1097.0,2.0,1104.0,48.0,1092.0,0.0,1091.5,1093.0,0.8,9.5,-4.5,2031.5543,74.01744
1,21000,ORCHIDS,1088,9,1087.0,5.0,1080.0,43.0,1096,9,1097.0,5.0,1103.0,43.0,1092.0,0.0,1091.0,1092.5,0.8,9.5,-4.5,2031.1553,74.03364
1,21100,ORCHIDS,1088,5,1087.0,2.0,1080.0,51.0,1096,5,1097.0,2.0,1103.0,51.0,1092.0,0.0,1091.0,1092.5,0.8,9.5,-4.5,2030.7557,74.04981
1,21200,ORCHIDS,1086,10,1085.0,5.0,1078.0,53.0,1094,10,1095.0,5.0,1101.0,53.0,1090.0,0.0,1089.0,1090.5,0.8,9.5,-4.5,2030.3556,74.06596
1,21300,ORCHIDS,1084,8,1083.0,2.0,1077.0,55.0,1092,8,1093.0,2.0,1100.0,55.0,1088.0,0.0,1087.5,1089.0,0.8,9.5,-4.5,2029.955,74.082085
1,21400,ORCHIDS,1085,9,1083.0,2.0,1077.0,53.0,1092,9,1094.0,2.0,1100.0,53.0,1088.5,0.0,1087.5,1089.5,0.8,9.5,-4.5,2029.5538,74.09819
1,21500,ORCHIDS,1083,9,1082.0,2.0,1076.0,58.0,1091,9,1092.0,2.0,1099.0,58.0,1087.0,0.0,1086.5,1088.0,0.8,9.5,-4.5,2029.1521,74.114265
1,21600,ORCHIDS,1082,10,1081.0,4.0,1075.0,51.0,1090,10,1091.0,4.0,1098.0,51.0,1086.0,0.0,1085.5,1087.0,0.8,9.5,-4.5,2028.7498,74.130325
1,21700,ORCHIDS,1082,9,1081.0,3.0,1075.0,54.0,1090,9,1091.0,3.0,1098.0,54.0,1086.0,0.0,1085.5,1087.0,0.8,9.5,-4.5,2028.347,74.146355
1,21800,ORCHIDS,1083,7,1081.0,5.0,1075.0,46.0,1090,7,1092.0,5.0,1098.0,46.0,1086.5,0.0,1085.5,1087.5,0.8,9.5,-4.5,2027.9437,74.16237
1,21900,ORCHIDS,1083,6,1081.0,2.0,1075.0,52.0,1090,6,1092.0,2.0,1098.0,52.0,1086.5,0.0,1085.5,1087.5,0.8,9.5,-4.5,2027.5398,74.17835
1,22000,ORCHIDS,1083,6,1081.0,2.0,1075.0,46.0,1090,6,1092.0,2.0,1098.0,46.0,1086.5,0.0,1085.5,1087.5,0.8,9.5,-4.5,2027.1354,74.19431
1,22100,ORCHIDS,1083,10,1081.0,5.0,1075.0,53.0,1090,10,1092.0,5.0,1098.0,53.0,1086.5,0.0,1085.5,1087.5,0.8,9.5,-4.5,2026.7305,74.21025
1,22200,ORCHIDS,1082,5,1081.0,2.0,1074.0,44.0,1090,5,1091.0,2.0,1097.0,44.0,1086.0,0.0,1085.0,1086.5,0.8,9.5,-4.5,2026.3251,74.226166
1,22300,ORCHIDS,1082,9,1081.0,5.0,1074.0,47.0,1090,9,1091.0,5.0,1097.0,47.0,1086.0,0.0,1085.0,1086.5,0.8,9.5,-4.5,2025.9191,74.24206
1,22400,ORCHIDS,1082,6,1081.0,3.0,1074.0,45.0,1090,6,1091.0,3.0,1097.0,45.0,1086.0,0.0,1085.0,1086.5,0.8,9.5,-4.5,2025.5126,74.25793
1,22500,ORCHIDS,1082,7,1081.0,4.0,1074.0,46.0,1090,7,1091.0,4.0,1098.0,46.0,1086.0,0.0,1085.0,1087.0,0.8,9.5,-4.5,2025.1056,74.27377
1,22600,ORCHIDS,1083,8,1082.0,5.0,1075.0,51.0,1091,8,1092.0,5.0,1098.0,51.0,1087.0,0.0,1086.0,1087.5,0.8,9.5,-4.5,2024.698,74.2896
1,22700,ORCHIDS,1083,10,1082.0,2.0,1075.0,55.0,1091,10,1092.0,2.0,1098.0,55.0,1087.0,0.0,1086.0,1087.5,0.8,9.5,-4.5,2024.2899,74.3054
1,22800,ORCHIDS,1083,7,1082.0,5.0,1075.0,49.0,1091,7,1092.0,5.0,1098.0,49.0,1087.0,0.0,1086.0,1087.5,0.8,9.5,-4.5,2023.8813,74.321175
1,22900,ORCHIDS,1085,6,1084.0,3.0,1077.0,46.0,1093,6,1094.0,3.0,1100.0,46.0,1089.0,0.0,1088.0,1089.5,0.8,9.5,-4.5,2023.4723,74.33693
1,23000,ORCHIDS,1082,10,1081.0,2.0,1074.0,48.0,1090,10,1091.0,2.0,1097.0,48.0,1086.0,0.0,1085.0,1086.5,0.8,9.5,-4.5,2023.0626,74.35266
1,23100,ORCHIDS,1081,6,1080.0,4.0,1073.0,53.0,1089,6,1090.0,4.0,1096.0,53.0,1085.0,0.0,1084.0,1085.5,0.8,9.5,-4.5,2022.6526,74.36837
1,23200,ORCHIDS,1080,6,1079.0,5.0,1073.0,53.0,1088,6,1089.0,5.0,1096.0,53.0,1084.0,0.0,1083.5,1085.0,0.8,9.5,-4.5,2022.242,74.38406
1,23300,ORCHIDS,1081,8,1080.0,2.0,1073.0,48.0,1089,8,1090.0,2.0,1096.0,48.0,1085.0,0.0,1084.0,1085.5,0.8,9.5,-4.5,2021.8308,74.39973
1,23400,ORCHIDS,1082,7,1081.0,4.0,1074.0,48.0,1090,7,1091.0,4.0,1097.0,48.0,1086.0,0.0,1085.0,1086.5,0.8,9.5,-4.5,2021.4192,74.41537
1,23500,ORCHIDS,1081,9,1080.0,2.0,1073.0,51.0,1089,9,1090.0,2.0,1096.0,51.0,1085.0,0.0,1084.0,1085.5,0.8,9.5,-4.5,2021.007,74.430984
1,23600,ORCHIDS,1082,8,1081.0,2.0,1075.0,48.0,1089,8,1090.0,2.0,1096.0,48.0,1085.5,0.0,1085.0,1086.5,0.8,8.5,-4.5,2020.5944,74.44659
1,23700,ORCHIDS,1083,6,1082.0,5.0,1076.0,48.0,1090,6,1091.0,5.0,1097.0,48.0,1086.5,0.0,1086.0,1087.5,0.8,8.5,-4.5,2020.1813,74.46216
1,23800,ORCHIDS,1084,7,1083.0,2.0,1077.0,50.0,1091,7,1092.0,2.0,1098.0,50.0,1087.5,0.0,1087.0,1088.5,0.8,8.5,-4.5,2019.7676,74.477715
1,23900,ORCHIDS,1085,6,1084.0,2.0,1078.0,50.0,1092,6,1093.0,2.0,1099.0,50.0,1088.5,0.0,1088.0,1089.5,0.8,8.5,-4.5,2019.3535,74.49325
1,24000,ORCHIDS,1084,10,1083.0,5.0,1077.0,47.0,1091,10,1092.0,5.0,1098.0,47.0,1087.5,0.0,1087.0,1088.5,0.8,8.5,-4.5,2018.9388,74.50876
1,24100,ORCHIDS,1085,8,1084.0,5.0,1078.0,50.0,1092,8,1093.0,5.0,1099.0,50.0,1088.5,0.0,1088.0,1089.5,0.8,8.5,-4.5,2018.5237,74.52425
1,24200,ORCHIDS,1083,6,1082.0,4.0,1076.0,50.0,1090,6,1091.0,4.0,1097.0,50.0,1086.5,0.0,1085.5,1087.0,0.8,8.5,-4.5,2018.1082,74.53971
1,24300,ORCHIDS,1087,6,1084.0,8.0,1083.0,5.0,1091,8,1092.0,5.0,1098.0,49.0,1089.0,0.0,1086.5,1088.0,0.8,8.5,-4.5,2017.692,74.55515
1,24400,ORCHIDS,1085,9,1084.0,3.0,1078.0,43.0,1092,9,1093.0,3.0,1099.0,43.0,1088.5,0.0,1088.0,1089.5,0.8,8.5,-4.5,2017.2755,74.57057
1,24500,ORCHIDS,1086,10,1085.0,3.0,1079.0,54.0,1093,10,1094.0,3.0,1100.0,54.0,1089.5,0.0,1088.5,1090.0,0.8,8.5,-4.5,2016.8584,74.585976
1,24600,ORCHIDS,1086,5,1085.0,2.0,1079.0,44.0,1090,5,1093.0,5.0,1094.0,2.0,1088.0,0.0,1088.5,1090.0,0.8,8.5,-4.5,2016.4409,74.60136
1,24700,ORCHIDS,1083,10,1082.0,3.0,1076.0,47.0,1090,10,1091.0,3.0,1097.0,47.0,1086.5,0.0,1086.0,1087.5,0.8,8.5,-4.5,2016.0228,74.616714
1,24800,ORCHIDS,1085,7,1084.0,3.0,1078.0,42.0,1092,7,1093.0,3.0,1099.0,42.0,1088.5,0.0,1088.0,1089.5,0.8,8.5,-4.5,2015.6044,74.63205
1,24900,ORCHIDS,1088,5,1085.0,8.0,1084.0,2.0,1092,8,1093.0,2.0,1099.0,55.0,1090.0,0.0,1087.5,1089.5,0.8,8.5,-4.5,2015.1854,74.64736
1,25000,ORCHIDS,1084,8,1083.0,3.0,1077.0,47.0,1091,8,1092.0,3.0,1098.0,47.0,1087.5,0.0,1087.0,1088.5,0.8,8.5,-4.5,2014.7659,74.66266
1,25100,ORCHIDS,1085,8,1084.0,3.0,1078.0,48.0,1092,8,1093.0,3.0,1099.0,48.0,1088.5,0.0,1088.0,1089.5,0.8,8.5,-4.5,2014.346,74.67793
1,25200,ORCHIDS,1085,5,1084.0,4.0,1078.0,47.0,1092,5,1093.0,4.0,1099.0,47.0,1088.5,0.0,1087.5,1089.0,0.8,8.5,-4.5,2013.9255,74.693184
1,25300,ORCHIDS,1084,5,1083.0,5.0,1077.0,49.0,1092,5,1093.0,5.0,1099.0,49.0,1088.0,0.0,1087.0,1089.0,0.8,8.5,-4.5,2013.5048,74.70841
1,25400,ORCHIDS,1083,7,1082.0,4.0,1076.0,55.0,1090,7,1091.0,4.0,1097.0,55.0,1086.5,0.0,1086.0,1087.5,0.8,8.5,-4.5,2013.0834,74.723625
1,25500,ORCHIDS,1080,6,1079.0,2.0,1073.0,44.0,1087,6,1088.0,2.0,1094.0,44.0,1083.5,0.0,1083.0,1084.5,0.8,8.5,-4.5,2012.6616,74.73881
1,25600,ORCHIDS,1080,6,1079.0,2.0,1073.0,40.0,1087,6,1088.0,2.0,1094.0,40.0,1083.5,0.0,1082.5,1084.5,0.8,8.5,-4.5,2012.2394,74.753975
1,25700,ORCHIDS,1080,9,1079.0,5.0,1073.0,49.0,1087,9,1088.0,5.0,1094.0,49.0,1083.5,0.0,1082.5,1084.5,0.8,8.5,-4.5,2011.8167,74.76913
1,25800,ORCHIDS,1078,6,1077.0,2.0,1071.0,38.0,1085,6,1086.0,2.0,1092.0,38.0,1081.5,0.0,1081.0,1082.5,0.8,8.5,-4.5,2011.3934,74.78425
1,25900,ORCHIDS,1080,7,1079.0,4.0,1073.0,51.0,1087,7,1088.0,4.0,1094.0,51.0,1083.5,0.0,1082.5,1084.0,0.8,8.5,-4.5,2010.9698,74.799355
1,26000,ORCHIDS,1081,6,1080.0,3.0,1074.0,43.0,1088,6,1089.0,3.0,1095.0,43.0,1084.5,0.0,1084.0,1085.5,0.8,8.5,-4.5,2010.5458,74.81444
1,26100,ORCHIDS,1082,8,1081.0,5.0,1075.0,54.0,1089,8,1090.0,5.0,1096.0,54.0,1085.5,0.0,1085.0,1086.5,0.8,8.5,-4.5,2010.1212,74.829506
1,26200,ORCHIDS,1082,7,1081.0,5.0,1075.0,52.0,1089,7,1090.0,5.0,1096.0,52.0,1085.5,0.0,1084.5,1086.5,0.8,8.5,-4.5,2009.6962,74.84455
1,26300,ORCHIDS,1082,5,1081.0,4.0,1075.0,37.0,1089,5,1090.0,4.0,1096.0,37.0,1085.5,0.0,1085.0,1086.5,0.8,8.5,-4.5,2009.2708,74.85957
1,26400,ORCHIDS,1083,7,1082.0,4.0,1076.0,47.0,1090,7,1091.0,4.0,1097.0,47.0,1086.5,0.0,1085.5,1087.0,0.8,8.5,-4.5,2008.8448,74.87457
1,26500,ORCHIDS,1082,10,1081.0,4.0,1075.0,57.0,1089,10,1090.0,4.0,1096.0,57.0,1085.5,0.0,1085.0,1086.5,0.8,8.5,-4.5,2008.4185,74.88956
1,26600,ORCHIDS,1082,10,1081.0,2.0,1075.0,53.0,1089,10,1090.0,2.0,1096.0,53.0,1085.5,0.0,1084.5,1086.5,0.8,8.5,-4.5,2007.9917,74.90452
1,26700,ORCHIDS,1081,9,1080.0,5.0,1074.0,47.0,1088,9,1089.0,5.0,1095.0,47.0,1084.5,0.0,1083.5,1085.0,0.8,8.5,-4.5,2007.5645,74.919464
1,26800,ORCHIDS,1079,5,1078.0,4.0,1072.0,48.0,1086,5,1087.0,4.0,1093.0,48.0,1082.5,0.0,1081.5,1083.0,0.8,8.5,-4.5,2007.1368,74.93439
1,26900,ORCHIDS,1078,8,1077.0,2.0,1071.0,50.0,1085,8,1086.0,2.0,1092.0,50.0,1081.5,0.0,1081.0,1082.5,0.8,8.5,-4.5,2006.7087,74.94929
1,27000,ORCHIDS,1078,10,1077.0,4.0,1071.0,47.0,1085,10,1086.0,4.0,1092.0,47.0,1081.5,0.0,1081.0,1082.5,0.8,8.5,-4.5,2006.2802,74.96417
1,27100,ORCHIDS,1078,9,1077.0,3.0,1071.0,49.0,1085,9,1086.0,3.0,1092.0,49.0,1081.5,0.0,1080.5,1082.0,0.8,8.5,-4.5,2005.8512,74.979034
1,27200,ORCHIDS,1079,10,1078.0,5.0,1072.0,46.0,1086,10,1087.0,5.0,1093.0,46.0,1082.5,0.0,1081.5,1083.0,0.8,8.5,-4.5,2005.4218,74.99388
1,27300,ORCHIDS,1080,10,1079.0,3.0,1073.0,53.0,1087,10,1088.0,3.0,1094.0,53.0,1083.5,0.0,1083.0,1084.5,0.8,8.5,-4.5,2004.992,75.0087
1,27400,ORCHIDS,1079,7,1078.0,5.0,1072.0,45.0,1086,7,1087.0,5.0,1093.0,45.0,1082.5,0.0,1082.0,1083.5,0.8,8.5,-4.5,2004.5616,75.023506
1,27500,ORCHIDS,1079,10,1078.0,2.0,1072.0,46.0,1086,10,1087.0,2.0,1093.0,46.0,1082.5,0.0,1081.5,1083.0,0.8,8.5,-4.5,2004.131,75.03829
1,27600,ORCHIDS,1079,7,1078.0,2.0,1072.0,47.0,1086,7,1087.0,2.0,1093.0,47.0,1082.5,0.0,1082.0,1083.5,0.8,8.5,-4.5,2003.6998,75.053055
1,27700,ORCHIDS,1079,5,1078.0,3.0,1072.0,47.0,1086,5,1087.0,3.0,1093.0,47.0,1082.5,0.0,1081.5,1083.5,0.8,8.5,-4.5,2003.2683,75.0678
1,27800,ORCHIDS,1078,10,1077.0,3.0,1071.0,51.0,1085,10,1086.0,3.0,1092.0,51.0,1081.5,0.0,1080.5,1082.0,0.8,8.5,-4.5,2002.8363,75.08253
1,27900,ORCHIDS,1078,10,1077.0,4.0,1071.0,50.0,1085,10,1086.0,4.0,1092.0,50.0,1081.5,0.0,1080.5,1082.0,0.8,8.5,-4.5,2002.4039,75.09723
1,28000,ORCHIDS,1079,10,1078.0,5.0,1072.0,54.0,1086,10,1087.0,5.0,1093.0,54.0,1082.5,0.0,1081.5,1083.0,0.8,8.5,-4.5,2001.9712,75.11192
1,28100,ORCHIDS,1079,8,1078.0,5.0,1072.0,42.0,1086,8,1087.0,5.0,1093.0,42.0,1082.5,0.0,1081.5,1083.0,0.8,8.5,-4.5,2001.538,75.12659
1,28200,ORCHIDS,1079,5,1078.0,2.0,1072.0,45.0,1086,5,1087.0,2.0,1093.0,45.0,1082.5,0.0,1082.0,1083.5,0.8,8.5,-4.5,2001.1042,75.141235
1,28300,ORCHIDS,1078,6,1077.0,2.0,1071.0,42.0,1085,6,1086.0,2.0,1092.0,42.0,1081.5,0.0,1081.0,1082.5,0.8,8.5,-4.5,2000.6703,75.15587
1,28400,ORCHIDS,1079,5,1078.0,5.0,1072.0,40.0,1086,5,1087.0,5.0,1093.0,40.0,1082.5,0.0,1082.0,1083.5,0.8,8.5,-4.5,2000.2358,75.17048
1,28500,ORCHIDS,1080,7,1079.0,2.0,1073.0,46.0,1087,7,1088.0,2.0,1094.0,46.0,1083.5,0.0,1083.0,1084.5,0.8,8.5,-4.5,1999.8009,75.185074
1,28600,ORCHIDS,1083,10,1082.0,3.0,1076.0,52.0,1090,10,1091.0,3.0,1097.0,52.0,1086.5,0.0,1086.0,1087.5,0.8,8.5,-4.5,1999.3657,75.199646
1,28700,ORCHIDS,1084,8,1083.0,2.0,1077.0,49.0,1091,8,1092.0,2.0,1098.0,49.0,1087.5,0.0,1086.5,1088.0,0.8,8.5,-4.5,1998.9299,75.2142
1,28800,ORCHIDS,1085,10,1084.0,5.0,1078.0,58.0,1092,10,1093.0,5.0,1099.0,58.0,1088.5,0.0,1087.5,1089.0,0.8,8.5,-4.5,1998.4939,75.22874
1,28900,ORCHIDS,1086,10,1085.0,5.0,1079.0,45.0,1093,10,1094.0,5.0,1100.0,45.0,1089.5,0.0,1088.5,1090.0,0.8,8.5,-4.5,1998.0574,75.243256
1,29000,ORCHIDS,1087,8,1086.0,2.0,1080.0,47.0,1094,8,1095.0,2.0,1101.0,47.0,1090.5,0.0,1090.0,1091.5,0.8,8.5,-4.5,1997.6206,75.25775
1,29100,ORCHIDS,1092,3,1087.0,8.0,1086.0,2.0,1094,8,1095.0,2.0,1101.0,49.0,1093.0,0.0,1090.0,1091.5,0.8,8.5,-4.5,1997.1832,75.27223
1,29200,ORCHIDS,1086,8,1085.0,5.0,1079.0,45.0,1093,8,1094.0,5.0,1100.0,45.0,1089.5,0.0,1089.0,1090.5,0.8,8.5,-4.5,1996.7456,75.2867
1,29300,ORCHIDS,1086,10,1085.0,2.0,1079.0,43.0,1094,10,1095.0,2.0,1101.0,43.0,1090.0,0.0,1089.0,1091.0,0.8,8.5,-4.5,1996.3075,75.30114
1,29400,ORCHIDS,1086,8,1085.0,4.0,1079.0,44.0,1093,8,1094.0,4.0,1100.0,44.0,1089.5,0.0,1088.5,1090.0,0.8,8.5,-4.5,1995.8691,75.31557
1,29500,ORCHIDS,1085,6,1084.0,4.0,1078.0,40.0,1092,6,1093.0,4.0,1099.0,40.0,1088.5,0.0,1087.5,1089.0,0.8,8.5,-4.5,1995.4303,75.32997
1,29600,ORCHIDS,1086,9,1085.0,2.0,1079.0,52.0,1093,9,1094.0,2.0,1100.0,52.0,1089.5,0.0,1088.5,1090.0,0.8,8.5,-4.5,1994.991,75.34436
1,29700,ORCHIDS,1087,10,1086.0,3.0,1080.0,52.0,1094,10,1095.0,3.0,1101.0,52.0,1090.5,0.0,1089.5,1091.0,0.8,8.5,-4.5,1994.5514,75.358734
1,29800,ORCHIDS,1088,9,1087.0,4.0,1081.0,43.0,1095,9,1096.0,4.0,1102.0,43.0,1091.5,0.0,1091.0,1092.5,0.8,8.5,-4.5,1994.1115,75.373085
1,29900,ORCHIDS,1088,8,1087.0,5.0,1081.0,51.0,1095,8,1096.0,5.0,1102.0,51.0,1091.5,0.0,1091.0,1092.5,0.8,8.5,-4.5,1993.671,75.38742
1,30000,ORCHIDS,1088,7,1087.0,2.0,1081.0,45.0,1095,7,1096.0,2.0,1102.0,45.0,1091.5,0.0,1091.0,1092.5,0.8,8.5,-4.5,1993.2302,75.40174
1,30100,ORCHIDS,1087,7,1086.0,2.0,1080.0,51.0,1094,7,1095.0,2.0,1101.0,51.0,1090.5,0.0,1090.0,1091.5,0.8,8.5,-4.5,1992.7891,75.41604
1,30200,ORCHIDS,1087,9,1086.0,3.0,1080.0,50.0,1094,9,1095.0,3.0,1101.0,50.0,1090.5,0.0,1090.0,1091.5,0.8,8.5,-4.5,1992.3477,75.43032
1,30300,ORCHIDS,1087,6,1086.0,3.0,1080.0,39.0,1094,6,1095.0,3.0,1101.0,39.0,1090.5,0.0,1090.0,1091.5,0.8,8.5,-4.5,1991.9058,75.44459
1,30400,ORCHIDS,1087,8,1086.0,2.0,1080.0,44.0,1094,8,1095.0,2.0,1101.0,44.0,1090.5,0.0,1090.0,1091.5,0.8,8.5,-4.5,1991.4635,75.45884
1,30500,ORCHIDS,1087,6,1086.0,3.0,1080.0,40.0,1095,6,1096.0,3.0,1102.0,40.0,1091.0,0.0,1090.0,1092.0,0.8,8.5,-4.5,1991.0209,75.47307
1,30600,ORCHIDS,1089,7,1088.0,2.0,1082.0,51.0,1096,7,1097.0,2.0,1103.0,51.0,1092.5,0.0,1092.0,1093.5,0.8,8.5,-4.5,1990.5779,75.48728
1,30700,ORCHIDS,1089,6,1088.0,2.0,1082.0,42.0,1097,6,1098.0,2.0,1104.0,42.0,1093.0,0.0,1092.0,1094.0,0.8,8.5,-4.5,1990.1344,75.50147
1,30800,ORCHIDS,1089,5,1088.0,2.0,1082.0,49.0,1097,5,1098.0,2.0,1104.0,49.0,1093.0,0.0,1092.0,1094.0,0.8,8.5,-4.5,1989.6907,75.51565
1,30900,ORCHIDS,1091,7,1090.0,3.0,1084.0,41.0,1098,7,1099.0,3.0,1105.0,41.0,1094.5,0.0,1094.0,1095.5,0.8,8.5,-4.5,1989.2466,75.52981
1,31000,ORCHIDS,1091,10,1090.0,2.0,1084.0,51.0,1098,10,1099.0,2.0,1105.0,51.0,1094.5,0.0,1093.5,1095.0,0.8,8.5,-4.5,1988.8021,75.54395
1,31100,ORCHIDS,1090,6,1089.0,5.0,1083.0,48.0,1097,6,1098.0,5.0,1104.0,48.0,1093.5,0.0,1093.0,1094.5,0.8,8.5,-4.5,1988.3573,75.55808
1,31200,ORCHIDS,1089,9,1088.0,4.0,1082.0,46.0,1093,7,1096.0,9.0,1097.0,4.0,1091.0,0.0,1091.5,1093.0,0.8,8.5,-4.5,1987.9122,75.57219
1,31300,ORCHIDS,1088,8,1087.0,2.0,1081.0,47.0,1095,8,1096.0,2.0,1102.0,47.0,1091.5,0.0,1091.0,1092.5,0.8,8.5,-4.5,1987.4667,75.58628
1,31400,ORCHIDS,1087,6,1086.0,5.0,1080.0,45.0,1094,6,1095.0,5.0,1101.0,45.0,1090.5,0.0,1089.5,1091.0,0.8,8.5,-4.5,1987.0208,75.60036
1,31500,ORCHIDS,1087,6,1086.0,2.0,1080.0,44.0,1094,6,1095.0,2.0,1101.0,44.0,1090.5,0.0,1089.5,1091.0,0.8,8.5,-4.5,1986.5746,75.61442
1,31600,ORCHIDS,1087,6,1086.0,4.0,1080.0,36.0,1094,6,1095.0,4.0,1101.0,36.0,1090.5,0.0,1090.0,1091.5,0.8,8.5,-4.5,1986.1279,75.628456
1,31700,ORCHIDS,1088,10,1087.0,2.0,1081.0,47.0,1095,10,1096.0,2.0,1102.0,47.0,1091.5,0.0,1090.5,1092.0,0.8,8.5,-4.5,1985.681,75.64248
1,31800,ORCHIDS,1086,7,1085.0,4.0,1079.0,52.0,1093,7,1094.0,4.0,1100.0,52.0,1089.5,0.0,1088.5,1090.0,0.8,8.5,-4.5,1985.2338,75.656494
1,31900,ORCHIDS,1087,9,1086.0,3.0,1080.0,56.0,1094,9,1095.0,3.0,1101.0,56.0,1090.5,0.0,1090.0,1091.5,0.8,8.5,-4.5,1984.7861,75.67049
1,32000,ORCHIDS,1086,8,1085.0,4.0,1079.0,53.0,1093,8,1094.0,4.0,1100.0,53.0,1089.5,0.0,1089.0,1090.5,0.8,8.5,-4.5,1984.3381,75.684456
1,32100,ORCHIDS,1085,8,1084.0,4.0,1078.0,43.0,1092,8,1093.0,4.0,1099.0,43.0,1088.5,0.0,1088.0,1089.5,0.8,8.5,-4.5,1983.8899,75.69842
1,32200,ORCHIDS,1084,8,1083.0,5.0,1077.0,45.0,1091,8,1092.0,5.0,1098.0,45.0,1087.5,0.0,1086.5,1088.0,0.8,8.5,-4.5,1983.4412,75.712364
1,32300,ORCHIDS,1085,5,1084.0,4.0,1078.0,51.0,1092,5,1093.0,4.0,1099.0,51.0,1088.5,0.0,1087.5,1089.0,0.8,8.5,-4.5,1982.9922,75.72629
1,32400,ORCHIDS,1084,5,1083.0,5.0,1077.0,50.0,1091,5,1092.0,5.0,1098.0,50.0,1087.5,0.0,1087.0,1088.5,0.8,8.5,-4.5,1982.543,75.7402
1,32500,ORCHIDS,1084,6,1083.0,3.0,1077.0,45.0,1088,5,1091.0,6.0,1092.0,3.0,1086.0,0.0,1087.0,1088.5,0.8,8.5,-4.5,1982.0933,75.75409
1,32600,ORCHIDS,1084,5,1083.0,2.0,1077.0,48.0,1091,5,1092.0,2.0,1098.0,48.0,1087.5,0.0,1087.0,1088.5,0.8,8.5,-4.5,1981.6433,75.76797
1,32700,ORCHIDS,1084,7,1083.0,5.0,1077.0,45.0,1091,7,1092.0,5.0,1098.0,45.0,1087.5,0.0,1086.5,1088.0,0.8,8.5,-4.5,1981.193,75.78183
1,32800,ORCHIDS,1085,8,1084.0,5.0,1078.0,51.0,1092,8,1093.0,5.0,1099.0,51.0,1088.5,0.0,1087.5,1089.0,0.8,8.5,-4.5,1980.7424,75.79568
1,32900,ORCHIDS,1085,7,1084.0,3.0,1078.0,48.0,1092,7,1093.0,3.0,1099.0,48.0,1088.5,0.0,1087.5,1089.0,0.8,8.5,-4.5,1980.2914,75.80951
1,33000,ORCHIDS,1085,10,1084.0,2.0,1078.0,43.0,1092,10,1093.0,2.0,1099.0,43.0,1088.5,0.0,1087.5,1089.0,0.8,8.5,-4.5,1979.8401,75.823326
1,33100,ORCHIDS,1086,6,1085.0,2.0,1079.0,40.0,1090,8,1093.0,6.0,1094.0,2.0,1088.0,0.0,1089.0,1090.5,0.8,8.5,-4.5,1979.3885,75.83712
1,33200,ORCHIDS,1085,7,1084.0,2.0,1078.0,45.0,1092,7,1093.0,2.0,1099.0,45.0,1088.5,0.0,1088.0,1089.5,0.8,8.5,-4.5,1978.9366,75.85091
1,33300,ORCHIDS,1085,7,1084.0,3.0,1078.0,45.0,1092,7,1093.0,3.0,1099.0,45.0,1088.5,0.0,1088.0,1089.5,0.8,8.5,-4.5,1978.4844,75.86468
1,33400,ORCHIDS,1086,9,1085.0,3.0,1079.0,41.0,1090,8,1093.0,9.0,1094.0,3.0,1088.0,0.0,1088.5,1090.0,0.8,8.5,-4.5,1978.0319,75.878426
1,33500,ORCHIDS,1085,7,1084.0,5.0,1078.0,49.0,1092,7,1093.0,5.0,1099.0,49.0,1088.5,0.0,1088.0,1089.5,0.8,8.5,-4.5,1977.579,75.892166
1,33600,ORCHIDS,1086,10,1085.0,2.0,1079.0,55.0,1093,10,1094.0,2.0,1100.0,55.0,1089.5,0.0,1089.0,1090.5,0.8,8.5,-4.5,1977.1257,75.90588
1,33700,ORCHIDS,1088,7,1087.0,2.0,1081.0,51.0,1095,7,1096.0,2.0,1102.0,51.0,1091.5,0.0,1091.0,1092.5,0.8,8.5,-4.5,1976.6722,75.91959
1,33800,ORCHIDS,1090,7,1089.0,4.0,1083.0,42.0,1097,7,1098.0,4.0,1104.0,42.0,1093.5,0.0,1093.0,1094.5,0.8,8.5,-4.5,1976.2185,75.93328
1,33900,ORCHIDS,1091,7,1090.0,2.0,1084.0,46.0,1098,7,1099.0,2.0,1105.0,46.0,1094.5,0.0,1093.5,1095.0,0.8,8.5,-4.5,1975.7644,75.94696
1,34000,ORCHIDS,1091,7,1090.0,4.0,1084.0,49.0,1098,7,1099.0,4.0,1105.0,49.0,1094.5,0.0,1093.5,1095.0,0.8,8.5,-4.5,1975.3099,75.96062
1,34100,ORCHIDS,1092,9,1091.0,3.0,1085.0,53.0,1099,9,1100.0,3.0,1106.0,53.0,1095.5,0.0,1094.5,1096.0,0.8,8.5,-4.5,1974.8552,75.974266
1,34200,ORCHIDS,1090,8,1089.0,5.0,1083.0,47.0,1097,8,1098.0,5.0,1104.0,47.0,1093.5,0.0,1092.5,1094.0,0.8,8.5,-4.5,1974.4003,75.9879
1,34300,ORCHIDS,1090,9,1089.0,3.0,1083.0,49.0,1097,9,1098.0,3.0,1104.0,49.0,1093.5,0.0,1093.0,1094.5,0.8,8.5,-4.5,1973.945,76.00151
1,34400,ORCHIDS,1090,8,1089.0,2.0,1083.0,46.0,1098,8,1099.0,2.0,1105.0,46.0,1094.0,0.0,1093.0,1095.0,0.8,8.5,-4.5,1973.4894,76.015114
1,34500,ORCHIDS,1091,7,1090.0,3.0,1084.0,47.0,1098,7,1099.0,3.0,1105.0,47.0,1094.5,0.0,1093.5,1095.0,0.8,8.5,-4.5,1973.0334,76.0287
1,34600,ORCHIDS,1089,6,1088.0,4.0,1082.0,44.0,1096,6,1097.0,4.0,1103.0,44.0,1092.5,0.0,1092.0,1093.5,0.8,8.5,-4.5,1972.5773,76.042274
1,34700,ORCHIDS,1091,7,1090.0,3.0,1084.0,56.0,1098,7,1099.0,3.0,1105.0,56.0,1094.5,0.0,1093.5,1095.0,0.8,8.5,-4.5,1972.1207,76.05583
1,34800,ORCHIDS,1092,5,1091.0,3.0,1085.0,42.0,1099,5,1100.0,3.0,1106.0,42.0,1095.5,0.0,1095.0,1096.5,0.8,8.5,-4.5,1971.664,76.069374
1,34900,ORCHIDS,1093,7,1092.0,3.0,1086.0,47.0,1100,7,1101.0,3.0,1107.0,47.0,1096.5,0.0,1095.5,1097.0,0.8,8.5,-4.5,1971.2069,76.0829
1,35000,ORCHIDS,1093,10,1092.0,2.0,1086.0,44.0,1100,10,1101.0,2.0,1107.0,44.0,1096.5,0.0,1095.5,1097.0,0.8,8.5,-4.5,1970.7496,76.09641
1,35100,ORCHIDS,1094,5,1093.0,3.0,1087.0,41.0,1101,5,1102.0,3.0,1108.0,41.0,1097.5,0.0,1096.5,1098.0,0.8,8.5,-4.5,1970.292,76.10992
1,35200,ORCHIDS,1093,7,1092.0,4.0,1086.0,38.0,1100,7,1101.0,4.0,1107.0,38.0,1096.5,0.0,1095.5,1097.0,0.8,8.5,-4.5,1969.834,76.1234
1,35300,ORCHIDS,1092,10,1091.0,2.0,1085.0,60.0,1099,10,1100.0,2.0,1106.0,60.0,1095.5,0.0,1095.0,1096.5,0.8,8.5,-4.5,1969.3759,76.13687
1,35400,ORCHIDS,1091,7,1090.0,2.0,1084.0,43.0,1098,7,1099.0,2.0,1105.0,43.0,1094.5,0.0,1093.5,1095.0,0.8,8.5,-4.5,1968.9174,76.15033
1,35500,ORCHIDS,1090,5,1089.0,4.0,1083.0,38.0,1098,5,1099.0,4.0,1105.0,38.0,1094.0,0.0,1093.0,1095.0,0.8,8.5,-4.5,1968.4586,76.16377
1,35600,ORCHIDS,1094,9,1091.0,8.0,1090.0,2.0,1098,8,1099.0,2.0,1105.0,42.0,1096.0,0.0,1094.0,1095.5,0.8,8.5,-4.5,1967.9996,76.1772
1,35700,ORCHIDS,1092,9,1091.0,4.0,1085.0,48.0,1099,9,1100.0,4.0,1106.0,48.0,1095.5,0.0,1095.0,1096.5,0.8,8.5,-4.5,1967.5403,76.19061
1,35800,ORCHIDS,1092,8,1091.0,4.0,1085.0,53.0,1099,8,1100.0,4.0,1106.0,53.0,1095.5,0.0,1094.5,1096.5,0.8,8.5,-4.5,1967.0808,76.20402
1,35900,ORCHIDS,1096,10,1093.0,9.0,1092.0,5.0,1100,9,1101.0,5.0,1107.0,40.0,1098.0,0.0,1095.5,1097.0,0.8,8.5,-4.5,1966.621,76.21741
1,36000,ORCHIDS,1091,9,1090.0,3.0,1084.0,46.0,1095,8,1098.0,9.0,1099.0,3.0,1093.0,0.0,1094.0,1095.5,0.8,8.5,-4.5,1966.1609,76.23078
1,36100,ORCHIDS,1090,8,1089.0,4.0,1083.0,50.0,1097,8,1098.0,4.0,1104.0,50.0,1093.5,0.0,1092.5,1094.0,0.8,8.5,-4.5,1965.7004,76.24414
1,36200,ORCHIDS,1090,5,1089.0,5.0,1083.0,51.0,1097,5,1098.0,5.0,1104.0,51.0,1093.5,0.0,1092.5,1094.0,0.8,8.5,-4.5,1965.2399,76.257484
1,36300,ORCHIDS,1089,5,1088.0,5.0,1082.0,36.0,1096,5,1097.0,5.0,1103.0,36.0,1092.5,0.0,1092.0,1093.5,0.8,8.5,-4.5,1964.7789,76.27082
1,36400,ORCHIDS,1087,6,1086.0,5.0,1080.0,44.0,1094,6,1095.0,5.0,1101.0,44.0,1090.5,0.0,1090.0,1091.5,0.8,8.5,-4.5,1964.3179,76.284134
1,36500,ORCHIDS,1087,10,1086.0,2.0,1080.0,51.0,1094,10,1095.0,2.0,1101.0,51.0,1090.5,0.0,1090.0,1091.5,0.8,8.5,-4.5,1963.8564,76.29745
1,36600,ORCHIDS,1086,7,1085.0,5.0,1079.0,47.0,1093,7,1094.0,5.0,1100.0,47.0,1089.5,0.0,1089.0,1090.5,0.8,8.5,-4.5,1963.3948,76.31074
1,36700,ORCHIDS,1086,8,1085.0,5.0,1079.0,48.0,1093,8,1094.0,5.0,1100.0,48.0,1089.5,0.0,1088.5,1090.0,0.8,8.5,-4.5,1962.9329,76.32401
1,36800,ORCHIDS,1085,9,1084.0,2.0,1078.0,42.0,1092,9,1093.0,2.0,1099.0,42.0,1088.5,0.0,1087.5,1089.0,0.8,8.5,-4.5,1962.4707,76.33728
1,36900,ORCHIDS,1083,8,1082.0,5.0,1076.0,48.0,1090,8,1091.0,5.0,1097.0,48.0,1086.5,0.0,1085.5,1087.0,0.8,8.5,-4.5,1962.0083,76.35053
1,37000,ORCHIDS,1084,9,1083.0,2.0,1077.0,56.0,1091,9,1092.0,2.0,1098.0,56.0,1087.5,0.0,1086.5,1088.0,0.8,8.5,-4.5,1961.5457,76.36378
1,37100,ORCHIDS,1085,9,1084.0,2.0,1078.0,46.0,1092,9,1093.0,2.0,1099.0,46.0,1088.5,0.0,1087.5,1089.0,0.8,8.5,-4.5,1961.0828,76.37701
1,37200,ORCHIDS,1084,8,1083.0,2.0,1077.0,44.0,1091,8,1092.0,2.0,1098.0,44.0,1087.5,0.0,1086.5,1088.0,0.8,8.5,-4.5,1960.6196,76.39022
1,37300,ORCHIDS,1085,9,1084.0,3.0,1078.0,52.0,1092,9,1093.0,3.0,1099.0,52.0,1088.5,0.0,1088.0,1089.5,0.8,8.5,-4.5,1960.1562,76.40342
1,37400,ORCHIDS,1084,10,1083.0,4.0,1077.0,42.0,1091,10,1092.0,4.0,1098.0,42.0,1087.5,0.0,1087.0,1088.5,0.8,8.5,-4.5,1959.6925,76.41661
1,37500,ORCHIDS,1083,5,1082.0,5.0,1076.0,44.0,1090,5,1091.0,5.0,1097.0,44.0,1086.5,0.0,1085.5,1087.0,0.8,8.5,-4.5,1959.2286,76.42979
1,37600,ORCHIDS,1084,7,1083.0,5.0,1077.0,50.0,1091,7,1092.0,5.0,1098.0,50.0,1087.5,0.0,1086.5,1088.0,0.8,8.5,-4.5,1958.7646,76.44295
1,37700,ORCHIDS,1087,7,1084.0,10.0,1083.0,5.0,1091,10,1092.0,5.0,1098.0,44.0,1089.0,0.0,1087.0,1088.5,0.8,8.5,-4.5,1958.3003,76.4561
1,37800,ORCHIDS,1085,8,1084.0,5.0,1078.0,49.0,1092,8,1093.0,5.0,1099.0,49.0,1088.5,0.0,1088.0,1089.5,0.8,8.5,-4.5,1957.8357,76.46924
1,37900,ORCHIDS,1085,8,1084.0,5.0,1078.0,55.0,1092,8,1093.0,5.0,1099.0,55.0,1088.5,0.0,1087.5,1089.0,0.8,8.5,-4.5,1957.3708,76.48237
1,38000,ORCHIDS,1085,5,1084.0,5.0,1078.0,43.0,1092,5,1093.0,5.0,1099.0,43.0,1088.5,0.0,1087.5,1089.0,0.8,8.5,-4.5,1956.9059,76.49548
1,38100,ORCHIDS,1085,6,1084.0,2.0,1078.0,53.0,1092,6,1093.0,2.0,1099.0,53.0,1088.5,0.0,1087.5,1089.0,0.8,8.5,-4.5,1956.4406,76.50858
1,38200,ORCHIDS,1084,10,1083.0,2.0,1077.0,55.0,1091,10,1092.0,2.0,1098.0,55.0,1087.5,0.0,1086.5,1088.0,0.8,8.5,-4.5,1955.9751,76.521675
1,38300,ORCHIDS,1083,7,1082.0,2.0,1076.0,50.0,1090,7,1091.0,2.0,1097.0,50.0,1086.5,0.0,1085.5,1087.0,0.8,8.5,-4.5,1955.5094,76.53475
1,38400,ORCHIDS,1083,9,1082.0,3.0,1076.0,48.0,1090,9,1091.0,3.0,1097.0,48.0,1086.5,0.0,1086.0,1087.5,0.8,8.5,-4.5,1955.0435,76.54781
1,38500,ORCHIDS,1085,9,1084.0,3.0,1078.0,47.0,1092,9,1093.0,3.0,1099.0,47.0,1088.5,0.0,1088.0,1089.5,0.8,8.5,-4.5,1954.5774,76.56087
1,38600,ORCHIDS,1086,10,1085.0,5.0,1079.0,51.0,1093,10,1094.0,5.0,1100.0,51.0,1089.5,0.0,1089.0,1090.5,0.8,8.5,-4.5,1954.111,76.57391
1,38700,ORCHIDS,1088,7,1087.0,4.0,1081.0,48.0,1095,7,1096.0,4.0,1102.0,48.0,1091.5,0.0,1090.5,1092.0,0.8,8.5,-4.5,1953.6444,76.58694
1,38800,ORCHIDS,1088,8,1087.0,4.0,1081.0,48.0,1095,8,1096.0,4.0,1102.0,48.0,1091.5,0.0,1090.5,1092.5,0.8,8.5,-4.5,1953.1776,76.59996
1,38900,ORCHIDS,1088,7,1087.0,5.0,1081.0,44.0,1095,7,1096.0,5.0,1102.0,44.0,1091.5,0.0,1091.0,1092.5,0.8,8.5,-4.5,1952.7106,76.61297
1,39000,ORCHIDS,1091,7,1088.0,10.0,1087.0,2.0,1095,10,1096.0,2.0,1102.0,49.0,1093.0,0.0,1090.5,1092.5,0.8,8.5,-4.5,1952.2434,76.62596
1,39100,ORCHIDS,1088,6,1087.0,3.0,1081.0,37.0,1095,6,1096.0,3.0,1102.0,37.0,1091.5,0.0,1091.0,1092.5,0.8,8.5,-4.5,1951.776,76.63894
1,39200,ORCHIDS,1090,7,1089.0,2.0,1083.0,42.0,1097,7,1098.0,2.0,1104.0,42.0,1093.5,0.0,1092.5,1094.0,0.8,8.5,-4.5,1951.3083,76.65192
1,39300,ORCHIDS,1089,8,1088.0,5.0,1082.0,46.0,1097,8,1098.0,5.0,1104.0,46.0,1093.0,0.0,1092.0,1094.0,0.8,8.5,-4.5,1950.8406,76.66487
1,39400,ORCHIDS,1089,6,1088.0,4.0,1082.0,47.0,1097,6,1098.0,4.0,1104.0,47.0,1093.0,0.0,1092.0,1094.0,0.8,8.5,-4.5,1950.3724,76.677826
1,39500,ORCHIDS,1089,6,1088.0,5.0,1082.0,42.0,1097,6,1098.0,5.0,1104.0,42.0,1093.0,0.0,1092.0,1094.0,0.8,8.5,-4.5,1949.9043,76.69076
1,39600,ORCHIDS,1089,7,1088.0,4.0,1082.0,49.0,1097,7,1098.0,4.0,1104.0,49.0,1093.0,0.0,1092.0,1094.0,0.8,8.5,-4.5,1949.4358,76.70369
1,39700,ORCHIDS,1089,8,1088.0,3.0,1082.0,40.0,1096,8,1097.0,3.0,1103.0,40.0,1092.5,0.0,1092.0,1093.5,0.8,8.5,-4.5,1948.9672,76.7166
1,39800,ORCHIDS,1089,5,1088.0,5.0,1082.0,47.0,1096,5,1097.0,5.0,1103.0,47.0,1092.5,0.0,1091.5,1093.0,0.8,8.5,-4.5,1948.4984,76.72951
1,39900,ORCHIDS,1089,7,1088.0,3.0,1082.0,45.0,1096,7,1097.0,3.0,1103.0,45.0,1092.5,0.0,1091.5,1093.0,0.8,8.5,-4.5,1948.0293,76.7424
1,40000,ORCHIDS,1090,9,1089.0,3.0,1083.0,51.0,1097,9,1098.0,3.0,1104.0,51.0,1093.5,0.0,1092.5,1094.0,0.8,8.5,-4.5,1947.5602,76.75528
1,40100,ORCHIDS,1091,5,1090.0,5.0,1084.0,54.0,1098,5,1099.0,5.0,1105.0,54.0,1094.5,0.0,1093.5,1095.0,0.8,8.5,-4.5,1947.0907,76.76815
1,40200,ORCHIDS,1090,9,1089.0,2.0,1083.0,41.0,1097,9,1098.0,2.0,1104.0,41.0,1093.5,0.0,1092.5,1094.0,0.8,8.5,-4.5,1946.6212,76.78101
1,40300,ORCHIDS,1089,7,1088.0,4.0,1082.0,47.0,1096,7,1097.0,4.0,1103.0,47.0,1092.5,0.0,1092.0,1093.5,0.8,8.5,-4.5,1946.1514,76.79386
1,40400,ORCHIDS,1090,7,1089.0,5.0,1083.0,48.0,1097,7,1098.0,5.0,1104.0,48.0,1093.5,0.0,1092.5,1094.0,0.8,8.5,-4.5,1945.6814,76.8067
1,40500,ORCHIDS,1090,6,1089.0,3.0,1083.0,38.0,1097,6,1098.0,3.0,1104.0,38.0,1093.5,0.0,1092.5,1094.0,0.8,8.5,-4.5,1945.2113,76.81953
1,40600,ORCHIDS,1090,8,1089.0,2.0,1083.0,55.0,1097,8,1098.0,2.0,1104.0,55.0,1093.5,0.0,1092.5,1094.0,0.8,8.5,-4.5,1944.741,76.832344
1,40700,ORCHIDS,1088,6,1087.0,3.0,1081.0,43.0,1095,6,1096.0,3.0,1102.0,43.0,1091.5,0.0,1090.5,1092.0,0.8,8.5,-4.5,1944.2705,76.84515
1,40800,ORCHIDS,1089,10,1088.0,3.0,1082.0,44.0,1096,10,1097.0,3.0,1103.0,44.0,1092.5,0.0,1091.5,1093.0,0.8,8.5,-4.5,1943.7998,76.85795
1,40900,ORCHIDS,1089,8,1088.0,4.0,1082.0,39.0,1096,8,1097.0,4.0,1103.0,39.0,1092.5,0.0,1091.5,1093.0,0.8,8.5,-4.5,1943.329,76.870735
1,41000,ORCHIDS,1088,8,1087.0,5.0,1081.0,45.0,1095,8,1096.0,5.0,1102.0,45.0,1091.5,0.0,1091.0,1092.5,0.8,8.5,-4.5,1942.858,76.883514
1,41100,ORCHIDS,1088,5,1087.0,5.0,1081.0,43.0,1095,5,1096.0,5.0,1102.0,43.0,1091.5,0.0,1090.5,1092.0,0.8,8.5,-4.5,1942.3868,76.89628
1,41200,ORCHIDS,1088,7,1087.0,2.0,1081.0,46.0,1095,7,1096.0,2.0,1102.0,46.0,1091.5,0.0,1091.0,1092.5,0.8,8.5,-4.5,1941.9155,76.909035
1,41300,ORCHIDS,1088,9,1087.0,3.0,1081.0,54.0,1095,9,1096.0,3.0,1102.0,54.0,1091.5,0.0,1090.5,1092.0,0.8,8.5,-4.5,1941.444,76.92178
1,41400,ORCHIDS,1087,5,1086.0,3.0,1080.0,47.0,1094,5,1095.0,3.0,1101.0,47.0,1090.5,0.0,1090.0,1091.5,0.8,8.5,-4.5,1940.9723,76.93452
1,41500,ORCHIDS,1088,9,1087.0,2.0,1081.0,47.0,1095,9,1096.0,2.0,1102.0,47.0,1091.5,0.0,1090.5,1092.0,0.8,8.5,-4.5,1940.5005,76.94724
1,41600,ORCHIDS,1088,5,1087.0,2.0,1081.0,49.0,1095,5,1096.0,2.0,1102.0,49.0,1091.5,0.0,1090.5,1092.0,0.8,8.5,-4.5,1940.0284,76.95996
1,41700,ORCHIDS,1086,9,1085.0,2.0,1079.0,49.0,1093,9,1094.0,2.0,1100.0,49.0,1089.5,0.0,1089.0,1090.5,0.8,8.5,-4.5,1939.5563,76.972664
1,41800,ORCHIDS,1087,9,1086.0,4.0,1080.0,51.0,1094,9,1095.0,4.0,1101.0,51.0,1090.5,0.0,1090.0,1091.5,0.8,8.5,-4.5,1939.084,76.98537
1,41900,ORCHIDS,1086,5,1085.0,3.0,1079.0,39.0,1093,5,1094.0,3.0,1100.0,39.0,1089.5,0.0,1088.5,1090.0,0.8,8.5,-4.5,1938.6115,76.998055
1,42000,ORCHIDS,1086,8,1085.0,3.0,1079.0,50.0,1093,8,1094.0,3.0,1100.0,50.0,1089.5,0.0,1088.5,1090.0,0.8,8.5,-4.5,1938.1388,77.01073
1,42100,ORCHIDS,1086,9,1085.0,5.0,1079.0,45.0,1093,9,1094.0,5.0,1100.0,45.0,1089.5,0.0,1088.5,1090.0,0.8,8.5,-4.5,1937.666,77.0234
1,42200,ORCHIDS,1085,5,1084.0,3.0,1078.0,40.0,1093,5,1094.0,3.0,1100.0,40.0,1089.0,0.0,1088.0,1090.0,0.8,8.5,-4.5,1937.1931,77.03606
1,42300,ORCHIDS,1085,6,1084.0,4.0,1078.0,43.0,1093,6,1094.0,4.0,1100.0,43.0,1089.0,0.0,1088.0,1090.0,0.8,8.5,-4.5,1936.7201,77.048706
1,42400,ORCHIDS,1087,8,1086.0,4.0,1080.0,55.0,1094,8,1095.0,4.0,1101.0,55.0,1090.5,0.0,1089.5,1091.0,0.8,8.5,-4.5,1936.2468,77.06134
1,42500,ORCHIDS,1087,5,1086.0,3.0,1080.0,50.0,1094,5,1095.0,3.0,1101.0,50.0,1090.5,0.0,1090.0,1091.5,0.8,8.5,-4.5,1935.7734,77.073975
1,42600,ORCHIDS,1087,7,1086.0,4.0,1080.0,50.0,1094,7,1095.0,4.0,1101.0,50.0,1090.5,0.0,1089.5,1091.5,0.8,8.5,-4.5,1935.2999,77.08659
1,42700,ORCHIDS,1085,7,1084.0,2.0,1078.0,47.0,1092,7,1093.0,2.0,1099.0,47.0,1088.5,0.0,1088.0,1089.5,0.8,8.5,-4.5,1934.8263,77.099205
1,42800,ORCHIDS,1086,5,1085.0,5.0,1079.0,41.0,1093,5,1094.0,5.0,1100.0,41.0,1089.5,0.0,1088.5,1090.0,0.8,8.5,-4.5,1934.3525,77.11181
1,42900,ORCHIDS,1087,5,1086.0,2.0,1080.0,48.0,1094,5,1095.0,2.0,1101.0,48.0,1090.5,0.0,1090.0,1091.5,0.8,8.5,-4.5,1933.8787,77.124405
1,43000,ORCHIDS,1089,5,1088.0,2.0,1082.0,54.0,1096,5,1097.0,2.0,1103.0,54.0,1092.5,0.0,1091.5,1093.0,0.8,8.5,-4.5,1933.4045,77.13699
1,43100,ORCHIDS,1087,7,1086.0,4.0,1080.0,41.0,1094,7,1095.0,4.0,1101.0,41.0,1090.5,0.0,1090.0,1091.5,0.8,8.5,-4.5,1932.9304,77.14957
1,43200,ORCHIDS,1087,5,1086.0,3.0,1080.0,49.0,1094,5,1095.0,3.0,1101.0,49.0,1090.5,0.0,1089.5,1091.0,0.8,8.5,-4.5,1932.456,77.16214
1,43300,ORCHIDS,1088,5,1087.0,5.0,1081.0,46.0,1095,5,1096.0,5.0,1102.0,46.0,1091.5,0.0,1090.5,1092.0,0.8,8.5,-4.5,1931.9816,77.1747
1,43400,ORCHIDS,1090,7,1087.0,6.0,1086.0,4.0,1094,6,1095.0,4.0,1101.0,44.0,1092.0,0.0,1089.5,1091.0,0.8,8.5,-4.5,1931.5071,77.18725
1,43500,ORCHIDS,1085,10,1084.0,2.0,1078.0,47.0,1092,10,1093.0,2.0,1099.0,47.0,1088.5,0.0,1088.0,1089.5,0.8,8.5,-4.5,1931.0323,77.19979
1,43600,ORCHIDS,1087,9,1086.0,2.0,1080.0,52.0,1094,9,1095.0,2.0,1101.0,52.0,1090.5,0.0,1089.5,1091.0,0.8,8.5,-4.5,1930.5575,77.21232
1,43700,ORCHIDS,1088,5,1087.0,2.0,1081.0,46.0,1095,5,1096.0,2.0,1102.0,46.0,1091.5,0.0,1091.0,1092.5,0.8,8.5,-4.5,1930.0826,77.224846
1,43800,ORCHIDS,1089,8,1088.0,4.0,1082.0,49.0,1096,8,1097.0,4.0,1103.0,49.0,1092.5,0.0,1092.0,1093.5,0.8,8.5,-4.5,1929.6075,77.237366
1,43900,ORCHIDS,1087,8,1086.0,2.0,1080.0,47.0,1094,8,1095.0,2.0,1101.0,47.0,1090.5,0.0,1090.0,1091.5,0.8,8.5,-4.5,1929.1323,77.24987
1,44000,ORCHIDS,1087,5,1086.0,3.0,1080.0,39.0,1095,5,1096.0,3.0,1102.0,39.0,1091.0,0.0,1090.0,1092.0,0.8,8.5,-4.5,1928.6571,77.262375
1,44100,ORCHIDS,1087,10,1086.0,4.0,1080.0,58.0,1094,10,1095.0,4.0,1101.0,58.0,1090.5,0.0,1090.0,1091.5,0.8,8.5,-4.5,1928.1816,77.274864
1,44200,ORCHIDS,1087,5,1086.0,3.0,1080.0,40.0,1094,5,1095.0,3.0,1101.0,40.0,1090.5,0.0,1089.5,1091.0,0.8,8.5,-4.5,1927.7062,77.28735
1,44300,ORCHIDS,1085,9,1084.0,2.0,1078.0,47.0,1092,9,1093.0,2.0,1099.0,47.0,1088.5,0.0,1087.5,1089.0,0.8,8.5,-4.5,1927.2305,77.29983
1,44400,ORCHIDS,1084,8,1083.0,2.0,1077.0,51.0,1091,8,1092.0,2.0,1098.0,51.0,1087.5,0.0,1087.0,1088.5,0.8,8.5,-4.5,1926.7548,77.312294
1,44500,ORCHIDS,1083,6,1082.0,5.0,1076.0,50.0,1090,6,1091.0,5.0,1097.0,50.0,1086.5,0.0,1085.5,1087.0,0.8,8.5,-4.5,1926.2789,77.32475
1,44600,ORCHIDS,1084,5,1083.0,2.0,1077.0,46.0,1091,5,1092.0,2.0,1098.0,46.0,1087.5,0.0,1087.0,1088.5,0.8,8.5,-4.5,1925.803,77.337204
1,44700,ORCHIDS,1084,7,1083.0,5.0,1077.0,49.0,1091,7,1092.0,5.0,1098.0,49.0,1087.5,0.0,1086.5,1088.5,0.8,8.5,-4.5,1925.3269,77.349655
1,44800,ORCHIDS,1084,7,1083.0,2.0,1077.0,45.0,1091,7,1092.0,2.0,1098.0,45.0,1087.5,0.0,1086.5,1088.5,0.8,8.5,-4.5,1924.8508,77.36209
1,44900,ORCHIDS,1083,10,1082.0,4.0,1076.0,46.0,1090,10,1091.0,4.0,1097.0,46.0,1086.5,0.0,1086.0,1087.5,0.8,8.5,-4.5,1924.3745,77.37452
1,45000,ORCHIDS,1084,8,1083.0,4.0,1077.0,42.0,1091,8,1092.0,4.0,1098.0,42.0,1087.5,0.0,1087.0,1088.5,0.8,8.5,-4.5,1923.8982,77.38694
1,45100,ORCHIDS,1085,6,1084.0,2.0,1078.0,43.0,1092,6,1093.0,2.0,1099.0,43.0,1088.5,0.0,1088.0,1089.5,0.8,8.5,-4.5,1923.4218,77.39935
1,45200,ORCHIDS,1085,6,1084.0,3.0,1078.0,46.0,1092,6,1093.0,3.0,1099.0,46.0,1088.5,0.0,1087.5,1089.0,0.8,8.5,-4.5,1922.9452,77.411766
1,45300,ORCHIDS,1086,10,1085.0,2.0,1079.0,58.0,1093,10,1094.0,2.0,1100.0,58.0,1089.5,0.0,1088.5,1090.0,0.8,8.5,-4.5,1922.4686,77.424164
1,45400,ORCHIDS,1086,5,1085.0,3.0,1079.0,43.0,1093,5,1094.0,3.0,1100.0,43.0,1089.5,0.0,1088.5,1090.5,0.8,8.5,-4.5,1921.992,77.436554
1,45500,ORCHIDS,1085,9,1084.0,2.0,1078.0,57.0,1092,9,1093.0,2.0,1099.0,57.0,1088.5,0.0,1088.0,1089.5,0.8,8.5,-4.5,1921.5151,77.448944
1,45600,ORCHIDS,1083,9,1082.0,4.0,1076.0,53.0,1090,9,1091.0,4.0,1097.0,53.0,1086.5,0.0,1085.5,1087.0,0.8,8.5,-4.5,1921.0382,77.46132
1,45700,ORCHIDS,1084,5,1083.0,3.0,1077.0,50.0,1091,5,1092.0,3.0,1098.0,50.0,1087.5,0.0,1086.5,1088.0,0.8,8.5,-4.5,1920.5613,77.473694
1,45800,ORCHIDS,1084,9,1083.0,5.0,1077.0,42.0,1091,9,1092.0,5.0,1098.0,42.0,1087.5,0.0,1086.5,1088.0,0.8,8.5,-4.5,1920.0842,77.48606
1,45900,ORCHIDS,1085,10,1084.0,5.0,1078.0,55.0,1092,10,1093.0,5.0,1099.0,55.0,1088.5,0.0,1087.5,1089.0,0.8,8.5,-4.5,1919.607,77.49841
1,46000,ORCHIDS,1083,6,1082.0,2.0,1076.0,46.0,1090,6,1091.0,2.0,1097.0,46.0,1086.5,0.0,1086.0,1087.5,0.8,8.5,-4.5,1919.1299,77.510765
1,46100,ORCHIDS,1083,5,1082.0,2.0,1076.0,41.0,1090,5,1091.0,2.0,1097.0,41.0,1086.5,0.0,1086.0,1087.5,0.8,8.5,-4.5,1918.6526,77.52311
1,46200,ORCHIDS,1082,8,1081.0,5.0,1075.0,39.0,1089,8,1090.0,5.0,1096.0,39.0,1085.5,0.0,1084.5,1086.0,0.8,8.5,-4.5,1918.1753,77.535446
1,46300,ORCHIDS,1083,7,1082.0,3.0,1076.0,45.0,1090,7,1091.0,3.0,1097.0,45.0,1086.5,0.0,1085.5,1087.0,0.8,8.5,-4.5,1917.6979,77.547775
1,46400,ORCHIDS,1081,7,1080.0,4.0,1074.0,42.0,1088,7,1089.0,4.0,1095.0,42.0,1084.5,0.0,1083.5,1085.0,0.8,8.5,-4.5,1917.2203,77.560104
1,46500,ORCHIDS,1083,8,1080.0,5.0,1079.0,4.0,1087,5,1088.0,4.0,1094.0,44.0,1085.0,0.0,1083.0,1084.5,0.8,8.5,-4.5,1916.7428,77.57242
1,46600,ORCHIDS,1081,9,1080.0,5.0,1074.0,46.0,1083,3,1088.0,9.0,1089.0,5.0,1082.0,0.0,1084.0,1085.5,0.8,8.5,-4.5,1916.2651,77.58473
1,46700,ORCHIDS,1081,10,1080.0,3.0,1074.0,48.0,1089,10,1090.0,3.0,1096.0,48.0,1085.0,0.0,1084.0,1086.0,0.8,8.5,-4.5,1915.7875,77.59704
1,46800,ORCHIDS,1081,9,1080.0,3.0,1074.0,53.0,1089,9,1090.0,3.0,1096.0,53.0,1085.0,0.0,1084.0,1086.0,0.8,8.5,-4.5,1915.3097,77.60934
1,46900,ORCHIDS,1081,9,1080.0,5.0,1074.0,45.0,1089,9,1090.0,5.0,1096.0,45.0,1085.0,0.0,1084.0,1086.0,0.8,8.5,-4.5,1914.8319,77.62163
1,47000,ORCHIDS,1081,10,1080.0,2.0,1074.0,50.0,1089,10,1090.0,2.0,1096.0,50.0,1085.0,0.0,1084.0,1086.0,0.8,8.5,-4.5,1914.354,77.63392
1,47100,ORCHIDS,1081,8,1080.0,5.0,1074.0,47.0,1088,8,1089.0,5.0,1095.0,47.0,1084.5,0.0,1084.0,1085.5,0.8,8.5,-4.5,1913.8761,77.646194
1,47200,ORCHIDS,1081,9,1080.0,4.0,1074.0,45.0,1088,9,1089.0,4.0,1095.0,45.0,1084.5,0.0,1084.0,1085.5,0.8,8.5,-4.5,1913.3981,77.65847
1,47300,ORCHIDS,1081,7,1080.0,4.0,1074.0,51.0,1088,7,1089.0,4.0,1095.0,51.0,1084.5,0.0,1083.5,1085.5,0.8,8.5,-4.5,1912.92,77.67074
1,47400,ORCHIDS,1080,5,1079.0,5.0,1073.0,51.0,1087,5,1088.0,5.0,1094.0,51.0,1083.5,0.0,1082.5,1084.0,0.8,8.5,-4.5,1912.442,77.683
1,47500,ORCHIDS,1079,9,1078.0,4.0,1072.0,41.0,1086,9,1087.0,4.0,1093.0,41.0,1082.5,0.0,1082.0,1083.5,0.8,8.5,-4.5,1911.9639,77.69526
1,47600,ORCHIDS,1078,9,1077.0,5.0,1071.0,50.0,1085,9,1086.0,5.0,1092.0,50.0,1081.5,0.0,1081.0,1082.5,0.8,8.5,-4.5,1911.4857,77.70751
1,47700,ORCHIDS,1078,10,1077.0,2.0,1071.0,47.0,1085,10,1086.0,2.0,1092.0,47.0,1081.5,0.0,1080.5,1082.5,0.8,8.5,-4.5,1911.0074,77.71976
1,47800,ORCHIDS,1077,5,1076.0,3.0,1070.0,48.0,1084,5,1085.0,3.0,1091.0,48.0,1080.5,0.0,1080.0,1081.5,0.8,8.5,-4.5,1910.5292,77.731995
1,47900,ORCHIDS,1076,7,1075.0,3.0,1069.0,46.0,1083,7,1084.0,3.0,1090.0,46.0,1079.5,0.0,1078.5,1080.0,0.8,8.5,-4.5,1910.0509,77.74423
1,48000,ORCHIDS,1076,6,1075.0,5.0,1069.0,53.0,1083,6,1084.0,5.0,1090.0,53.0,1079.5,0.0,1079.0,1080.5,0.8,8.5,-4.5,1909.5725,77.75646
1,48100,ORCHIDS,1076,7,1075.0,5.0,1069.0,41.0,1083,7,1084.0,5.0,1090.0,41.0,1079.5,0.0,1079.0,1080.5,0.8,8.5,-4.5,1909.0941,77.768684
1,48200,ORCHIDS,1077,10,1076.0,4.0,1070.0,51.0,1084,10,1085.0,4.0,1091.0,51.0,1080.5,0.0,1080.0,1081.5,0.8,8.5,-4.5,1908.6157,77.7809
1,48300,ORCHIDS,1079,5,1078.0,4.0,1072.0,39.0,1086,5,1087.0,4.0,1093.0,39.0,1082.5,0.0,1081.5,1083.0,0.8,8.5,-4.5,1908.1372,77.79311
1,48400,ORCHIDS,1079,9,1078.0,4.0,1072.0,45.0,1083,5,1086.0,9.0,1087.0,4.0,1081.0,0.0,1082.0,1083.5,0.8,8.5,-4.5,1907.6587,77.80532
1,48500,ORCHIDS,1079,9,1078.0,2.0,1072.0,57.0,1086,9,1087.0,2.0,1093.0,57.0,1082.5,0.0,1081.5,1083.5,0.8,8.5,-4.5,1907.1802,77.81753
1,48600,ORCHIDS,1079,6,1078.0,4.0,1072.0,40.0,1086,6,1087.0,4.0,1093.0,40.0,1082.5,0.0,1082.0,1083.5,0.8,8.5,-4.5,1906.7017,77.82972
1,48700,ORCHIDS,1080,10,1079.0,4.0,1073.0,54.0,1087,10,1088.0,4.0,1094.0,54.0,1083.5,0.0,1082.5,1084.0,0.8,8.5,-4.5,1906.223,77.84191
1,48800,ORCHIDS,1081,7,1080.0,2.0,1074.0,40.0,1088,7,1089.0,2.0,1095.0,40.0,1084.5,0.0,1084.0,1085.5,0.8,8.5,-4.5,1905.7445,77.8541
1,48900,ORCHIDS,1081,10,1080.0,3.0,1074.0,50.0,1088,10,1089.0,3.0,1095.0,50.0,1084.5,0.0,1083.5,1085.0,0.8,8.5,-4.5,1905.2659,77.86629
1,49000,ORCHIDS,1082,6,1081.0,2.0,1075.0,43.0,1089,6,1090.0,2.0,1096.0,43.0,1085.5,0.0,1084.5,1086.0,0.8,8.5,-4.5,1904.7872,77.87846
1,49100,ORCHIDS,1082,6,1081.0,5.0,1075.0,55.0,1089,6,1090.0,5.0,1096.0,55.0,1085.5,0.0,1084.5,1086.0,0.8,8.5,-4.5,1904.3086,77.89064
1,49200,ORCHIDS,1081,7,1080.0,5.0,1074.0,48.0,1089,7,1090.0,5.0,1096.0,48.0,1085.0,0.0,1084.0,1086.0,0.8,8.5,-4.5,1903.8298,77.90281
1,49300,ORCHIDS,1081,8,1080.0,5.0,1074.0,56.0,1089,8,1090.0,5.0,1096.0,56.0,1085.0,0.0,1084.0,1086.0,0.8,8.5,-4.5,1903.3512,77.91497
1,49400,ORCHIDS,1081,10,1080.0,5.0,1074.0,44.0,1089,10,1090.0,5.0,1096.0,44.0,1085.0,0.0,1084.0,1086.0,0.8,8.5,-4.5,1902.8724,77.92713
1,49500,ORCHIDS,1083,7,1082.0,5.0,1076.0,48.0,1090,7,1091.0,5.0,1097.0,48.0,1086.5,0.0,1085.5,1087.0,0.8,8.5,-4.5,1902.3937,77.939285
1,49600,ORCHIDS,1083,6,1082.0,4.0,1076.0,46.0,1090,6,1091.0,4.0,1097.0,46.0,1086.5,0.0,1085.5,1087.0,0.8,8.5,-4.5,1901.915,77.95144
1,49700,ORCHIDS,1083,8,1082.0,5.0,1076.0,49.0,1090,8,1091.0,5.0,1097.0,49.0,1086.5,0.0,1086.0,1087.5,0.8,8.5,-4.5,1901.4363,77.963585
1,49800,ORCHIDS,1083,7,1082.0,5.0,1076.0,45.0,1091,7,1092.0,5.0,1098.0,45.0,1087.0,0.0,1086.0,1088.0,0.8,8.5,-4.5,1900.9575,77.97572
1,49900,ORCHIDS,1084,6,1083.0,4.0,1077.0,45.0,1091,6,1092.0,4.0,1098.0,45.0,1087.5,0.0,1086.5,1088.0,0.8,8.5,-4.5,1900.4788,77.98787
1,50000,ORCHIDS,1083,6,1082.0,2.0,1076.0,42.0,1090,6,1091.0,2.0,1097.0,42.0,1086.5,0.0,1085.5,1087.0,0.8,8.5,-4.5,1900.0,78.0
1,50100,ORCHIDS,1083,9,1082.0,4.0,1076.0,45.0,1090,9,1091.0,4.0,1098.0,45.0,1086.5,0.0,1086.0,1087.5,1.2,8.5,-4.5,1899.5212,78.01213
1,50200,ORCHIDS,1084,6,1083.0,3.0,1076.0,43.0,1091,6,1092.0,3.0,1098.0,43.0,1087.5,0.0,1086.5,1088.0,1.1,8.5,-4.5,1899.0425,78.024254
1,50300,ORCHIDS,1085,10,1084.0,4.0,1078.0,50.0,1092,10,1093.0,4.0,1100.0,50.0,1088.5,0.0,1088.0,1089.5,1.1,8.5,-4.5,1898.5637,78.03638
1,50400,ORCHIDS,1084,8,1083.0,4.0,1076.0,50.0,1091,8,1092.0,4.0,1098.0,50.0,1087.5,0.0,1086.5,1088.0,1.1,8.5,-4.5,1898.085,78.0485
1,50500,ORCHIDS,1082,9,1081.0,2.0,1075.0,39.0,1089,9,1090.0,2.0,1097.0,39.0,1085.5,0.0,1085.0,1086.5,1.1,8.5,-4.5,1897.6063,78.060616
1,50600,ORCHIDS,1082,8,1081.0,3.0,1074.0,42.0,1089,8,1090.0,3.0,1097.0,42.0,1085.5,0.0,1084.5,1086.5,1.1,8.5,-4.5,1897.1276,78.07272
1,50700,ORCHIDS,1082,9,1081.0,4.0,1074.0,41.0,1089,9,1090.0,4.0,1096.0,41.0,1085.5,0.0,1084.5,1086.0,1.1,8.5,-4.5,1896.6488,78.08483
1,50800,ORCHIDS,1083,7,1082.0,3.0,1076.0,46.0,1090,7,1091.0,3.0,1098.0,46.0,1086.5,0.0,1086.0,1087.5,1.1,8.5,-4.5,1896.1702,78.09694
1,50900,ORCHIDS,1083,5,1082.0,4.0,1075.0,43.0,1090,5,1091.0,4.0,1098.0,43.0,1086.5,0.0,1085.5,1087.5,1.1,8.5,-4.5,1895.6914,78.10904
1,51000,ORCHIDS,1082,8,1081.0,5.0,1075.0,53.0,1089,8,1090.0,5.0,1097.0,53.0,1085.5,0.0,1085.0,1086.5,1.1,8.5,-4.5,1895.2128,78.12114
1,51100,ORCHIDS,1081,10,1080.0,2.0,1074.0,46.0,1088,10,1089.0,2.0,1096.0,46.0,1084.5,0.0,1084.0,1085.5,1.1,8.5,-4.5,1894.7341,78.13323
1,51200,ORCHIDS,1081,8,1080.0,5.0,1073.0,54.0,1088,8,1089.0,5.0,1096.0,54.0,1084.5,0.0,1083.5,1085.5,1.1,8.5,-4.5,1894.2555,78.145325
1,51300,ORCHIDS,1082,10,1081.0,5.0,1074.0,50.0,1089,10,1090.0,5.0,1096.0,50.0,1085.5,0.0,1084.5,1086.0,1.1,8.5,-4.5,1893.777,78.15741
1,51400,ORCHIDS,1083,8,1082.0,2.0,1075.0,54.0,1090,8,1091.0,2.0,1097.0,54.0,1086.5,0.0,1085.5,1087.0,1.1,8.5,-4.5,1893.2983,78.169495
1,51500,ORCHIDS,1083,10,1082.0,5.0,1075.0,44.0,1090,10,1091.0,5.0,1098.0,44.0,1086.5,0.0,1085.5,1087.5,1.1,8.5,-4.5,1892.8198,78.18158
1,51600,ORCHIDS,1084,7,1083.0,2.0,1076.0,42.0,1091,7,1092.0,2.0,1098.0,42.0,1087.5,0.0,1086.5,1088.0,1.1,8.5,-4.5,1892.3413,78.19366
1,51700,ORCHIDS,1085,6,1084.0,2.0,1077.0,46.0,1092,6,1093.0,2.0,1099.0,46.0,1088.5,0.0,1087.5,1089.0,1.1,8.5,-4.5,1891.8628,78.205734
1,51800,ORCHIDS,1085,9,1084.0,3.0,1077.0,49.0,1092,9,1093.0,3.0,1099.0,49.0,1088.5,0.0,1087.5,1089.0,1.1,8.5,-4.5,1891.3843,78.217804
1,51900,ORCHIDS,1085,5,1084.0,2.0,1077.0,49.0,1092,5,1093.0,2.0,1099.0,49.0,1088.5,0.0,1087.5,1089.0,1.1,8.5,-4.5,1890.9059,78.22987
1,52000,ORCHIDS,1084,6,1083.0,5.0,1076.0,53.0,1091,6,1092.0,5.0,1098.0,53.0,1087.5,0.0,1086.5,1088.0,1.1,8.5,-4.5,1890.4275,78.24194
1,52100,ORCHIDS,1083,7,1082.0,3.0,1076.0,50.0,1091,7,1092.0,3.0,1098.0,50.0,1087.0,0.0,1086.0,1088.0,1.1,8.5,-4.5,1889.9491,78.254005
1,52200,ORCHIDS,1083,9,1082.0,4.0,1076.0,43.0,1091,9,1092.0,4.0,1098.0,43.0,1087.0,0.0,1086.0,1088.0,1.1,8.5,-4.5,1889.4708,78.26607
1,52300,ORCHIDS,1083,8,1082.0,2.0,1075.0,48.0,1090,8,1091.0,2.0,1097.0,48.0,1086.5,0.0,1085.5,1087.0,1.1,8.5,-4.5,1888.9926,78.27813
1,52400,ORCHIDS,1084,7,1083.0,4.0,1076.0,46.0,1091,7,1092.0,4.0,1098.0,46.0,1087.5,0.0,1086.5,1088.0,1.1,8.5,-4.5,1888.5143,78.290184
1,52500,ORCHIDS,1084,5,1083.0,5.0,1076.0,47.0,1091,5,1092.0,5.0,1099.0,47.0,1087.5,0.0,1086.5,1088.5,1.1,8.5,-4.5,1888.0361,78.30224
1,52600,ORCHIDS,1085,7,1084.0,3.0,1078.0,48.0,1092,7,1093.0,3.0,1100.0,48.0,1088.5,0.0,1088.0,1089.5,1.1,8.5,-4.5,1887.558,78.31429
1,52700,ORCHIDS,1085,5,1084.0,4.0,1078.0,41.0,1092,5,1093.0,4.0,1100.0,41.0,1088.5,0.0,1088.0,1089.5,1.1,8.5,-4.5,1887.08,78.32635
1,52800,ORCHIDS,1086,10,1085.0,5.0,1078.0,60.0,1093,10,1094.0,5.0,1100.0,60.0,1089.5,0.0,1088.5,1090.0,1.1,8.5,-4.5,1886.6019,78.338394
1,52900,ORCHIDS,1086,10,1085.0,5.0,1078.0,50.0,1093,10,1094.0,5.0,1100.0,50.0,1089.5,0.0,1088.5,1090.0,1.1,8.5,-4.5,1886.1239,78.35044
1,53000,ORCHIDS,1085,6,1084.0,3.0,1078.0,55.0,1093,6,1094.0,3.0,1100.0,55.0,1089.0,0.0,1088.0,1090.0,1.1,8.5,-4.5,1885.646,78.36249
1,53100,ORCHIDS,1086,7,1085.0,4.0,1079.0,47.0,1093,7,1094.0,4.0,1101.0,47.0,1089.5,0.0,1089.0,1090.5,1.1,8.5,-4.5,1885.1681,78.37453
1,53200,ORCHIDS,1085,7,1084.0,2.0,1078.0,45.0,1092,7,1093.0,2.0,1100.0,45.0,1088.5,0.0,1088.0,1089.5,1.1,8.5,-4.5,1884.6903,78.386566
1,53300,ORCHIDS,1084,5,1083.0,3.0,1077.0,51.0,1091,5,1092.0,3.0,1099.0,51.0,1087.5,0.0,1087.0,1088.5,1.1,8.5,-4.5,1884.2125,78.398605
1,53400,ORCHIDS,1086,10,1085.0,3.0,1078.0,47.0,1093,10,1094.0,3.0,1100.0,47.0,1089.5,0.0,1088.5,1090.0,1.1,8.5,-4.5,1883.7349,78.410645
1,53500,ORCHIDS,1087,6,1086.0,4.0,1080.0,42.0,1094,6,1095.0,4.0,1102.0,42.0,1090.5,0.0,1090.0,1091.5,1.1,8.5,-4.5,1883.2572,78.422676
1,53600,ORCHIDS,1087,7,1086.0,2.0,1080.0,53.0,1094,7,1095.0,2.0,1102.0,53.0,1090.5,0.0,1090.0,1091.5,1.1,8.5,-4.5,1882.7797,78.434715
1,53700,ORCHIDS,1087,9,1086.0,4.0,1079.0,46.0,1094,9,1095.0,4.0,1102.0,46.0,1090.5,0.0,1089.5,1091.5,1.1,8.5,-4.5,1882.3021,78.44675
1,53800,ORCHIDS,1088,5,1087.0,2.0,1080.0,39.0,1095,5,1096.0,2.0,1102.0,39.0,1091.5,0.0,1090.5,1092.0,1.1,8.5,-4.5,1881.8247,78.45878
1,53900,ORCHIDS,1088,8,1087.0,4.0,1081.0,47.0,1095,8,1096.0,4.0,1103.0,47.0,1091.5,0.0,1091.0,1092.5,1.1,8.5,-4.5,1881.3474,78.4708
1,54000,ORCHIDS,1087,5,1086.0,5.0,1080.0,46.0,1094,5,1095.0,5.0,1102.0,46.0,1090.5,0.0,1090.0,1091.5,1.1,8.5,-4.5,1880.8701,78.482834
1,54100,ORCHIDS,1088,6,1087.0,4.0,1081.0,45.0,1095,6,1096.0,4.0,1103.0,45.0,1091.5,0.0,1091.0,1092.5,1.1,8.5,-4.5,1880.393,78.49486
1,54200,ORCHIDS,1087,8,1086.0,5.0,1080.0,49.0,1094,8,1095.0,5.0,1102.0,49.0,1090.5,0.0,1090.0,1091.5,1.1,8.5,-4.5,1879.9158,78.50689
1,54300,ORCHIDS,1088,8,1087.0,4.0,1080.0,47.0,1095,8,1096.0,4.0,1102.0,47.0,1091.5,0.0,1090.5,1092.0,1.1,8.5,-4.5,1879.4387,78.51891
1,54400,ORCHIDS,1088,5,1087.0,5.0,1081.0,47.0,1095,5,1096.0,5.0,1103.0,47.0,1091.5,0.0,1091.0,1092.5,1.1,8.5,-4.5,1878.9618,78.53094
1,54500,ORCHIDS,1088,10,1087.0,4.0,1081.0,53.0,1092,10,1095.0,10.0,1096.0,4.0,1090.0,0.0,1091.0,1092.5,1.1,8.5,-4.5,1878.4849,78.54295
1,54600,ORCHIDS,1088,6,1087.0,2.0,1080.0,51.0,1095,6,1096.0,2.0,1102.0,51.0,1091.5,0.0,1090.5,1092.0,1.1,8.5,-4.5,1878.008,78.55498
1,54700,ORCHIDS,1087,8,1086.0,5.0,1080.0,53.0,1094,8,1095.0,5.0,1102.0,53.0,1090.5,0.0,1090.0,1091.5,1.1,8.5,-4.5,1877.5314,78.567
1,54800,ORCHIDS,1086,7,1085.0,2.0,1078.0,47.0,1093,7,1094.0,2.0,1100.0,47.0,1089.5,0.0,1088.5,1090.0,1.1,8.5,-4.5,1877.0548,78.57902
1,54900,ORCHIDS,1087,6,1086.0,2.0,1079.0,49.0,1094,6,1095.0,2.0,1101.0,49.0,1090.5,0.0,1089.5,1091.0,1.1,8.5,-4.5,1876.5782,78.59104
1,55000,ORCHIDS,1087,9,1086.0,3.0,1079.0,54.0,1094,9,1095.0,3.0,1102.0,54.0,1090.5,0.0,1089.5,1091.5,1.1,8.5,-4.5,1876.1018,78.60306
1,55100,ORCHIDS,1087,10,1086.0,5.0,1079.0,53.0,1094,10,1095.0,5.0,1102.0,53.0,1090.5,0.0,1089.5,1091.5,1.1,8.5,-4.5,1875.6255,78.615074
1,55200,ORCHIDS,1086,7,1085.0,3.0,1078.0,40.0,1093,7,1094.0,3.0,1100.0,40.0,1089.5,0.0,1088.5,1090.0,1.1,8.5,-4.5,1875.1492,78.62709
1,55300,ORCHIDS,1089,6,1086.0,8.0,1085.0,5.0,1093,8,1094.0,5.0,1101.0,57.0,1091.0,0.0,1089.0,1090.5,1.1,8.5,-4.5,1874.6731,78.639114
1,55400,ORCHIDS,1087,5,1086.0,2.0,1080.0,49.0,1091,4,1094.0,5.0,1095.0,2.0,1089.0,0.0,1090.0,1091.5,1.1,8.5,-4.5,1874.197,78.65113
1,55500,ORCHIDS,1087,8,1086.0,4.0,1080.0,43.0,1095,8,1096.0,4.0,1102.0,43.0,1091.0,0.0,1090.0,1092.0,1.1,8.5,-4.5,1873.7211,78.66315
1,55600,ORCHIDS,1087,5,1086.0,2.0,1080.0,41.0,1095,5,1096.0,2.0,1102.0,41.0,1091.0,0.0,1090.0,1092.0,1.1,8.5,-4.5,1873.2452,78.67516
1,55700,ORCHIDS,1088,10,1087.0,3.0,1081.0,49.0,1095,10,1096.0,3.0,1103.0,49.0,1091.5,0.0,1091.0,1092.5,1.1,8.5,-4.5,1872.7695,78.68718
1,55800,ORCHIDS,1092,4,1087.0,8.0,1086.0,3.0,1094,8,1095.0,3.0,1102.0,53.0,1093.0,0.0,1090.0,1091.5,1.1,8.5,-4.5,1872.2938,78.699196
1,55900,ORCHIDS,1087,7,1086.0,2.0,1079.0,48.0,1094,7,1095.0,2.0,1101.0,48.0,1090.5,0.0,1089.5,1091.0,1.1,8.5,-4.5,1871.8184,78.71121
1,56000,ORCHIDS,1087,9,1086.0,5.0,1079.0,48.0,1094,9,1095.0,5.0,1101.0,48.0,1090.5,0.0,1089.5,1091.0,1.1,8.5,-4.5,1871.3429,78.72323
1,56100,ORCHIDS,1086,8,1085.0,4.0,1079.0,49.0,1093,8,1094.0,4.0,1101.0,49.0,1089.5,0.0,1089.0,1090.5,1.1,8.5,-4.5,1870.8677,78.735245
1,56200,ORCHIDS,1086,6,1085.0,4.0,1078.0,46.0,1093,6,1094.0,4.0,1101.0,46.0,1089.5,0.0,1088.5,1090.5,1.1,8.5,-5.0,1870.3925,78.74726
1,56300,ORCHIDS,1086,7,1085.0,3.0,1078.0,46.0,1093,7,1094.0,3.0,1101.0,46.0,1089.5,0.0,1088.5,1090.5,1.1,8.5,-5.0,1869.9174,78.75928
1,56400,ORCHIDS,1089,5,1086.0,9.0,1085.0,3.0,1093,9,1094.0,3.0,1101.0,52.0,1091.0,0.0,1089.0,1090.5,1.1,8.5,-5.0,1869.4425,78.77129
1,56500,ORCHIDS,1086,10,1085.0,2.0,1079.0,49.0,1094,10,1095.0,2.0,1101.0,49.0,1090.0,0.0,1089.0,1091.0,1.1,8.5,-5.0,1868.9677,78.78331
1,56600,ORCHIDS,1085,8,1084.0,3.0,1078.0,57.0,1089,8,1092.0,8.0,1093.0,3.0,1087.0,0.0,1088.0,1089.5,1.1,8.5,-5.0,1868.4929,78.79533
1,56700,ORCHIDS,1086,5,1085.0,4.0,1079.0,35.0,1093,5,1094.0,4.0,1101.0,35.0,1089.5,0.0,1089.0,1090.5,1.1,8.5,-5.0,1868.0184,78.80735
1,56800,ORCHIDS,1086,10,1085.0,2.0,1079.0,54.0,1093,10,1094.0,2.0,1101.0,54.0,1089.5,0.0,1089.0,1090.5,1.1,8.5,-5.0,1867.544,78.81937
1,56900,ORCHIDS,1086,8,1085.0,3.0,1079.0,44.0,1093,8,1094.0,3.0,1101.0,44.0,1089.5,0.0,1089.0,1090.5,1.1,8.5,-5.0,1867.0696,78.83139
1,57000,ORCHIDS,1087,9,1086.0,2.0,1079.0,58.0,1094,9,1095.0,2.0,1101.0,58.0,1090.5,0.0,1089.5,1091.0,1.1,8.5,-5.0,1866.5955,78.84341
1,57100,ORCHIDS,1087,9,1086.0,3.0,1080.0,52.0,1094,9,1095.0,3.0,1102.0,52.0,1090.5,0.0,1090.0,1091.5,1.1,8.5,-5.0,1866.1213,78.85543
1,57200,ORCHIDS,1090,6,1087.0,10.0,1086.0,5.0,1094,10,1095.0,5.0,1102.0,47.0,1092.0,0.0,1089.5,1091.5,1.1,8.5,-5.0,1865.6475,78.867455
1,57300,ORCHIDS,1087,6,1086.0,2.0,1080.0,46.0,1094,6,1095.0,2.0,1102.0,46.0,1090.5,0.0,1090.0,1091.5,1.1,8.5,-5.0,1865.1737,78.87948
1,57400,ORCHIDS,1087,5,1086.0,2.0,1079.0,43.0,1094,5,1095.0,2.0,1101.0,43.0,1090.5,0.0,1089.5,1091.0,1.1,8.5,-5.0,1864.7001,78.8915
1,57500,ORCHIDS,1089,5,1088.0,4.0,1081.0,49.0,1096,5,1097.0,4.0,1103.0,49.0,1092.5,0.0,1091.5,1093.0,1.1,8.5,-5.0,1864.2266,78.90353
1,57600,ORCHIDS,1087,9,1086.0,4.0,1080.0,51.0,1094,9,1095.0,4.0,1102.0,51.0,1090.5,0.0,1090.0,1091.5,1.1,8.5,-5.0,1863.7532,78.91555
1,57700,ORCHIDS,1086,6,1085.0,5.0,1079.0,54.0,1093,6,1094.0,5.0,1101.0,54.0,1089.5,0.0,1089.0,1090.5,1.1,8.5,-5.0,1863.2799,78.92758
1,57800,ORCHIDS,1089,6,1086.0,9.0,1085.0,5.0,1093,9,1094.0,5.0,1101.0,49.0,1091.0,0.0,1088.5,1090.5,1.1,8.5,-5.0,1862.8069,78.939606
1,57900,ORCHIDS,1087,8,1086.0,5.0,1080.0,51.0,1094,8,1095.0,5.0,1102.0,51.0,1090.5,0.0,1090.0,1091.5,1.1,8.5,-5.0,1862.334,78.95164
1,58000,ORCHIDS,1086,5,1085.0,2.0,1079.0,50.0,1093,5,1094.0,2.0,1101.0,50.0,1089.5,0.0,1089.0,1090.5,1.1,8.5,-5.0,1861.8612,78.96367
1,58100,ORCHIDS,1086,7,1085.0,5.0,1078.0,43.0,1093,7,1094.0,5.0,1100.0,43.0,1089.5,0.0,1088.5,1090.0,1.1,8.5,-5.0,1861.3885,78.97571
1,58200,ORCHIDS,1084,8,1083.0,2.0,1077.0,55.0,1091,8,1092.0,2.0,1099.0,55.0,1087.5,0.0,1087.0,1088.5,1.1,8.5,-5.0,1860.916,78.98774
1,58300,ORCHIDS,1087,10,1084.0,10.0,1083.0,4.0,1091,10,1092.0,4.0,1099.0,51.0,1089.0,0.0,1086.5,1088.5,1.1,8.5,-5.0,1860.4437,78.99978
1,58400,ORCHIDS,1084,8,1083.0,3.0,1076.0,42.0,1091,8,1092.0,3.0,1098.0,42.0,1087.5,0.0,1086.5,1088.0,1.1,8.5,-5.0,1859.9716,79.01182
1,58500,ORCHIDS,1081,10,1080.0,3.0,1074.0,50.0,1088,10,1089.0,3.0,1096.0,50.0,1084.5,0.0,1084.0,1085.5,1.1,8.5,-5.0,1859.4995,79.02386
1,58600,ORCHIDS,1081,10,1080.0,5.0,1073.0,50.0,1088,10,1089.0,5.0,1095.0,50.0,1084.5,0.0,1083.5,1085.0,1.1,8.5,-5.0,1859.0277,79.0359
1,58700,ORCHIDS,1081,9,1080.0,4.0,1073.0,48.0,1088,9,1089.0,4.0,1095.0,48.0,1084.5,0.0,1083.5,1085.0,1.1,8.5,-5.0,1858.556,79.04794
1,58800,ORCHIDS,1080,9,1079.0,3.0,1072.0,53.0,1087,9,1088.0,3.0,1094.0,53.0,1083.5,0.0,1082.5,1084.0,1.1,8.5,-5.0,1858.0845,79.05999
1,58900,ORCHIDS,1080,7,1079.0,3.0,1072.0,49.0,1087,7,1088.0,3.0,1094.0,49.0,1083.5,0.0,1082.5,1084.0,1.1,8.5,-5.0,1857.6132,79.07204
1,59000,ORCHIDS,1079,10,1078.0,4.0,1071.0,47.0,1086,10,1087.0,4.0,1093.0,47.0,1082.5,0.0,1081.5,1083.0,1.1,8.5,-5.0,1857.142,79.08408
1,59100,ORCHIDS,1079,5,1078.0,3.0,1072.0,52.0,1086,5,1087.0,3.0,1094.0,52.0,1082.5,0.0,1082.0,1083.5,1.1,8.5,-5.0,1856.671,79.09614
1,59200,ORCHIDS,1081,9,1080.0,2.0,1073.0,48.0,1088,9,1089.0,2.0,1095.0,48.0,1084.5,0.0,1083.5,1085.0,1.1,8.5,-5.0,1856.2002,79.10819
1,59300,ORCHIDS,1081,8,1080.0,2.0,1074.0,48.0,1088,8,1089.0,2.0,1096.0,48.0,1084.5,0.0,1084.0,1085.5,1.1,8.5,-5.0,1855.7295,79.12025
1,59400,ORCHIDS,1083,10,1082.0,3.0,1075.0,48.0,1090,10,1091.0,3.0,1097.0,48.0,1086.5,0.0,1085.5,1087.0,1.1,8.5,-5.0,1855.259,79.13231
1,59500,ORCHIDS,1082,9,1081.0,5.0,1074.0,43.0,1089,9,1090.0,5.0,1096.0,43.0,1085.5,0.0,1084.5,1086.0,1.1,8.5,-5.0,1854.7887,79.14437
1,59600,ORCHIDS,1082,5,1081.0,4.0,1074.0,43.0,1089,5,1090.0,4.0,1096.0,43.0,1085.5,0.0,1084.5,1086.0,1.1,8.5,-5.0,1854.3186,79.15643
1,59700,ORCHIDS,1081,8,1080.0,5.0,1074.0,45.0,1088,8,1089.0,5.0,1096.0,45.0,1084.5,0.0,1084.0,1085.5,1.1,8.5,-5.0,1853.8486,79.1685
1,59800,ORCHIDS,1081,6,1080.0,3.0,1074.0,53.0,1088,6,1089.0,3.0,1096.0,53.0,1084.5,0.0,1084.0,1085.5,1.1,8.5,-5.0,1853.3788,79.18057
1,59900,ORCHIDS,1080,9,1079.0,4.0,1073.0,42.0,1087,9,1088.0,4.0,1095.0,42.0,1083.5,0.0,1083.0,1084.5,1.1,8.5,-5.0,1852.9093,79.19264
1,60000,ORCHIDS,1078,6,1077.0,4.0,1070.0,51.0,1085,6,1086.0,4.0,1092.0,51.0,1081.5,0.0,1080.5,1082.0,1.1,8.5,-5.0,1852.4398,79.20472
1,60100,ORCHIDS,1078,6,1077.0,3.0,1070.0,42.0,1085,6,1086.0,3.0,1093.0,42.0,1081.5,0.0,1080.5,1082.5,1.1,8.5,-5.0,1851.9707,79.2168
1,60200,ORCHIDS,1078,7,1077.0,2.0,1070.0,43.0,1085,7,1086.0,2.0,1092.0,43.0,1081.5,0.0,1080.5,1082.0,1.1,8.5,-5.0,1851.5016,79.228874
1,60300,ORCHIDS,1077,7,1076.0,2.0,1070.0,45.0,1084,7,1085.0,2.0,1092.0,45.0,1080.5,0.0,1080.0,1081.5,1.1,8.5,-5.0,1851.0328,79.24096
1,60400,ORCHIDS,1078,5,1077.0,4.0,1071.0,48.0,1085,5,1086.0,4.0,1093.0,48.0,1081.5,0.0,1081.0,1082.5,1.1,8.5,-5.0,1850.5642,79.25305
1,60500,ORCHIDS,1078,6,1077.0,2.0,1070.0,48.0,1085,6,1086.0,2.0,1092.0,48.0,1081.5,0.0,1080.5,1082.0,1.1,8.5,-5.0,1850.0957,79.26514
1,60600,ORCHIDS,1079,6,1078.0,5.0,1071.0,49.0,1086,6,1087.0,5.0,1093.0,49.0,1082.5,0.0,1081.5,1083.0,1.1,8.5,-5.0,1849.6276,79.27723
1,60700,ORCHIDS,1080,10,1079.0,3.0,1072.0,52.0,1087,10,1088.0,3.0,1094.0,52.0,1083.5,0.0,1082.5,1084.0,1.1,8.5,-5.0,1849.1594,79.28933
1,60800,ORCHIDS,1080,8,1079.0,4.0,1072.0,45.0,1087,8,1088.0,4.0,1095.0,45.0,1083.5,0.0,1082.5,1084.5,1.1,8.5,-5.0,1848.6917,79.30143
1,60900,ORCHIDS,1080,6,1079.0,5.0,1073.0,48.0,1087,6,1088.0,5.0,1095.0,48.0,1083.5,0.0,1083.0,1084.5,1.1,8.5,-5.0,1848.224,79.31353
1,61000,ORCHIDS,1080,9,1079.0,3.0,1073.0,46.0,1087,9,1088.0,3.0,1095.0,46.0,1083.5,0.0,1083.0,1084.5,1.1,8.5,-5.0,1847.7566,79.32564
1,61100,ORCHIDS,1079,10,1078.0,4.0,1071.0,52.0,1086,10,1087.0,4.0,1093.0,52.0,1082.5,0.0,1081.5,1083.0,1.1,8.5,-5.0,1847.2894,79.33775
1,61200,ORCHIDS,1079,6,1078.0,3.0,1072.0,46.0,1086,6,1087.0,3.0,1094.0,46.0,1082.5,0.0,1082.0,1083.5,1.1,8.5,-5.0,1846.8224,79.34987
1,61300,ORCHIDS,1080,7,1079.0,5.0,1073.0,52.0,1087,7,1088.0,5.0,1095.0,52.0,1083.5,0.0,1083.0,1084.5,1.1,8.5,-5.0,1846.3556,79.361984
1,61400,ORCHIDS,1080,9,1079.0,4.0,1072.0,50.0,1087,9,1088.0,4.0,1095.0,50.0,1083.5,0.0,1082.5,1084.5,1.1,8.5,-5.0,1845.889,79.37411
1,61500,ORCHIDS,1080,5,1079.0,3.0,1073.0,51.0,1087,5,1088.0,3.0,1095.0,51.0,1083.5,0.0,1083.0,1084.5,1.1,8.5,-5.0,1845.4226,79.38623
1,61600,ORCHIDS,1080,7,1079.0,5.0,1072.0,47.0,1087,7,1088.0,5.0,1094.0,47.0,1083.5,0.0,1082.5,1084.0,1.1,8.5,-5.0,1844.9565,79.39836
1,61700,ORCHIDS,1079,6,1078.0,2.0,1072.0,52.0,1086,6,1087.0,2.0,1094.0,52.0,1082.5,0.0,1082.0,1083.5,1.1,8.5,-5.0,1844.4906,79.41049
1,61800,ORCHIDS,1078,7,1077.0,5.0,1070.0,51.0,1085,7,1086.0,5.0,1092.0,51.0,1081.5,0.0,1080.5,1082.0,1.1,8.5,-5.0,1844.0249,79.42263
1,61900,ORCHIDS,1080,8,1079.0,5.0,1073.0,43.0,1087,8,1088.0,5.0,1095.0,43.0,1083.5,0.0,1083.0,1084.5,1.1,8.5,-5.0,1843.5594,79.43478
1,62000,ORCHIDS,1081,10,1080.0,3.0,1074.0,50.0,1088,10,1089.0,3.0,1096.0,50.0,1084.5,0.0,1084.0,1085.5,1.1,8.5,-5.0,1843.0941,79.44692
1,62100,ORCHIDS,1081,5,1080.0,4.0,1074.0,47.0,1088,5,1089.0,4.0,1096.0,47.0,1084.5,0.0,1084.0,1085.5,1.1,8.5,-5.0,1842.6292,79.45907
1,62200,ORCHIDS,1080,9,1079.0,2.0,1072.0,50.0,1087,9,1088.0,2.0,1094.0,50.0,1083.5,0.0,1082.5,1084.0,1.1,8.5,-5.0,1842.1643,79.47122
1,62300,ORCHIDS,1079,6,1078.0,5.0,1071.0,41.0,1086,6,1087.0,5.0,1093.0,41.0,1082.5,0.0,1081.5,1083.0,1.1,8.5,-5.0,1841.6997,79.48338
1,62400,ORCHIDS,1077,10,1076.0,3.0,1070.0,60.0,1084,10,1085.0,3.0,1092.0,60.0,1080.5,0.0,1080.0,1081.5,1.1,8.5,-5.0,1841.2354,79.495544
1,62500,ORCHIDS,1077,8,1076.0,3.0,1069.0,46.0,1084,8,1085.0,3.0,1091.0,46.0,1080.5,0.0,1079.5,1081.0,1.1,8.5,-5.0,1840.7714,79.50771
1,62600,ORCHIDS,1075,9,1074.0,5.0,1068.0,48.0,1082,9,1083.0,5.0,1090.0,48.0,1078.5,0.0,1078.0,1079.5,1.1,8.5,-5.0,1840.3075,79.51988
1,62700,ORCHIDS,1075,6,1074.0,3.0,1067.0,45.0,1082,6,1083.0,3.0,1089.0,45.0,1078.5,0.0,1077.5,1079.0,1.1,8.5,-5.0,1839.8438,79.53207
1,62800,ORCHIDS,1079,7,1078.0,3.0,1071.0,42.0,1086,7,1087.0,3.0,1093.0,42.0,1082.5,0.0,1081.5,1083.0,1.1,8.5,-5.0,1839.3804,79.54424
1,62900,ORCHIDS,1078,5,1077.0,3.0,1071.0,48.0,1086,5,1087.0,3.0,1093.0,48.0,1082.0,0.0,1081.0,1083.0,1.1,8.5,-5.0,1838.9172,79.556435
1,63000,ORCHIDS,1078,8,1077.0,2.0,1070.0,48.0,1085,8,1086.0,2.0,1092.0,48.0,1081.5,0.0,1080.5,1082.0,1.1,8.5,-5.0,1838.4543,79.56863
1,63100,ORCHIDS,1079,10,1078.0,4.0,1071.0,52.0,1086,10,1087.0,4.0,1093.0,52.0,1082.5,0.0,1081.5,1083.0,1.1,8.5,-5.0,1837.9917,79.58082
1,63200,ORCHIDS,1078,7,1077.0,4.0,1071.0,38.0,1086,7,1087.0,4.0,1093.0,38.0,1082.0,0.0,1081.0,1083.0,1.1,8.5,-5.0,1837.5293,79.59302
1,63300,ORCHIDS,1077,6,1076.0,3.0,1070.0,47.0,1081,7,1084.0,6.0,1085.0,3.0,1079.0,0.0,1080.0,1081.5,1.1,8.5,-5.0,1837.0671,79.605225
1,63400,ORCHIDS,1076,5,1075.0,3.0,1069.0,42.0,1083,5,1084.0,3.0,1091.0,42.0,1079.5,0.0,1079.0,1080.5,1.1,8.5,-5.0,1836.6052,79.61744
1,63500,ORCHIDS,1077,6,1076.0,3.0,1070.0,47.0,1084,6,1085.0,3.0,1092.0,47.0,1080.5,0.0,1080.0,1081.5,1.1,8.5,-5.0,1836.1436,79.629654
1,63600,ORCHIDS,1077,5,1076.0,3.0,1070.0,43.0,1085,5,1086.0,3.0,1092.0,43.0,1081.0,0.0,1080.0,1082.0,1.1,8.5,-5.0,1835.6821,79.64188
1,63700,ORCHIDS,1077,7,1076.0,3.0,1070.0,50.0,1084,7,1085.0,3.0,1092.0,50.0,1080.5,0.0,1080.0,1081.5,1.1,8.5,-5.0,1835.2211,79.654106
1,63800,ORCHIDS,1077,9,1076.0,5.0,1069.0,39.0,1084,9,1085.0,5.0,1092.0,39.0,1080.5,0.0,1079.5,1081.5,1.1,8.5,-5.0,1834.7601,79.666336
1,63900,ORCHIDS,1077,5,1076.0,4.0,1070.0,46.0,1084,5,1085.0,4.0,1092.0,46.0,1080.5,0.0,1080.0,1081.5,1.1,8.5,-5.0,1834.2996,79.67858
1,64000,ORCHIDS,1077,10,1076.0,4.0,1070.0,49.0,1084,10,1085.0,4.0,1092.0,49.0,1080.5,0.0,1080.0,1081.5,1.1,8.5,-5.0,1833.8391,79.69082
1,64100,ORCHIDS,1079,9,1078.0,4.0,1071.0,54.0,1086,9,1087.0,4.0,1093.0,54.0,1082.5,0.0,1081.5,1083.0,1.1,8.5,-5.0,1833.379,79.70307
1,64200,ORCHIDS,1078,10,1077.0,3.0,1071.0,58.0,1085,10,1086.0,3.0,1093.0,58.0,1081.5,0.0,1081.0,1082.5,1.1,8.5,-5.0,1832.9192,79.715324
1,64300,ORCHIDS,1078,7,1077.0,3.0,1071.0,40.0,1086,7,1087.0,3.0,1093.0,40.0,1082.0,0.0,1081.0,1083.0,1.1,8.5,-5.0,1832.4597,79.72759
1,64400,ORCHIDS,1078,5,1077.0,2.0,1071.0,37.0,1086,5,1087.0,2.0,1093.0,37.0,1082.0,0.0,1081.0,1083.0,1.1,8.5,-5.0,1832.0004,79.73985
1,64500,ORCHIDS,1078,8,1077.0,4.0,1070.0,47.0,1085,8,1086.0,4.0,1092.0,47.0,1081.5,0.0,1080.5,1082.0,1.1,8.5,-5.0,1831.5414,79.75213
1,64600,ORCHIDS,1076,10,1075.0,2.0,1069.0,49.0,1083,10,1084.0,2.0,1091.0,49.0,1079.5,0.0,1079.0,1080.5,1.1,8.5,-5.0,1831.0826,79.764404
1,64700,ORCHIDS,1076,7,1075.0,3.0,1068.0,46.0,1083,7,1084.0,3.0,1091.0,46.0,1079.5,0.0,1078.5,1080.5,1.1,8.5,-5.0,1830.6241,79.776695
1,64800,ORCHIDS,1078,6,1077.0,2.0,1070.0,41.0,1085,6,1086.0,2.0,1092.0,41.0,1081.5,0.0,1080.5,1082.0,1.1,8.5,-5.0,1830.166,79.78899
1,64900,ORCHIDS,1078,7,1077.0,2.0,1070.0,51.0,1085,7,1086.0,2.0,1093.0,51.0,1081.5,0.0,1080.5,1082.5,1.1,8.5,-5.0,1829.708,79.801285
1,65000,ORCHIDS,1078,8,1077.0,5.0,1070.0,52.0,1085,8,1086.0,5.0,1092.0,52.0,1081.5,0.0,1080.5,1082.0,1.1,8.5,-5.0,1829.2504,79.81358
1,65100,ORCHIDS,1077,9,1076.0,4.0,1070.0,46.0,1085,9,1086.0,4.0,1092.0,46.0,1081.0,0.0,1080.0,1082.0,1.1,8.5,-5.0,1828.7931,79.8259
1,65200,ORCHIDS,1080,10,1079.0,2.0,1072.0,52.0,1087,10,1088.0,2.0,1094.0,52.0,1083.5,0.0,1082.5,1084.0,1.1,8.5,-5.0,1828.336,79.83821
1,65300,ORCHIDS,1081,6,1080.0,4.0,1073.0,38.0,1088,6,1089.0,4.0,1095.0,38.0,1084.5,0.0,1083.5,1085.0,1.1,8.5,-5.0,1827.8793,79.85053
1,65400,ORCHIDS,1082,5,1081.0,3.0,1074.0,42.0,1089,5,1090.0,3.0,1096.0,42.0,1085.5,0.0,1084.5,1086.0,1.1,8.5,-5.0,1827.4227,79.86286
1,65500,ORCHIDS,1082,6,1081.0,2.0,1074.0,46.0,1089,6,1090.0,2.0,1096.0,46.0,1085.5,0.0,1084.5,1086.0,1.1,8.5,-5.0,1826.9666,79.8752
1,65600,ORCHIDS,1081,6,1080.0,4.0,1073.0,48.0,1088,6,1089.0,4.0,1095.0,48.0,1084.5,0.0,1083.5,1085.0,1.1,8.5,-5.0,1826.5106,79.88754
1,65700,ORCHIDS,1083,8,1082.0,2.0,1076.0,51.0,1090,8,1091.0,2.0,1098.0,51.0,1086.5,0.0,1086.0,1087.5,1.1,8.5,-5.0,1826.055,79.89989
1,65800,ORCHIDS,1084,5,1083.0,5.0,1076.0,47.0,1091,5,1092.0,5.0,1098.0,47.0,1087.5,0.0,1086.5,1088.0,1.1,8.5,-5.0,1825.5997,79.91225
1,65900,ORCHIDS,1083,6,1082.0,4.0,1076.0,49.0,1087,6,1090.0,6.0,1091.0,4.0,1085.0,0.0,1086.0,1087.5,1.1,8.5,-5.0,1825.1448,79.92461
1,66000,ORCHIDS,1082,5,1081.0,3.0,1075.0,48.0,1089,5,1090.0,3.0,1097.0,48.0,1085.5,0.0,1085.0,1086.5,1.1,8.5,-5.0,1824.6901,79.93698
1,66100,ORCHIDS,1083,9,1082.0,5.0,1076.0,58.0,1090,9,1091.0,5.0,1098.0,58.0,1086.5,0.0,1086.0,1087.5,1.1,8.5,-5.0,1824.2356,79.949356
1,66200,ORCHIDS,1083,8,1082.0,5.0,1076.0,54.0,1091,8,1092.0,5.0,1098.0,54.0,1087.0,0.0,1086.0,1088.0,1.1,8.5,-5.0,1823.7815,79.96174
1,66300,ORCHIDS,1082,8,1081.0,5.0,1074.0,45.0,1089,8,1090.0,5.0,1096.0,45.0,1085.5,0.0,1084.5,1086.0,1.1,8.5,-5.0,1823.3278,79.97413
1,66400,ORCHIDS,1081,9,1080.0,2.0,1073.0,43.0,1088,9,1089.0,2.0,1095.0,43.0,1084.5,0.0,1083.5,1085.0,1.1,8.5,-5.0,1822.8743,79.98653
1,66500,ORCHIDS,1082,9,1081.0,5.0,1075.0,50.0,1089,9,1090.0,5.0,1097.0,50.0,1085.5,0.0,1085.0,1086.5,1.1,8.5,-5.0,1822.421,79.99893
1,66600,ORCHIDS,1084,9,1083.0,4.0,1076.0,49.0,1091,9,1092.0,4.0,1098.0,49.0,1087.5,0.0,1086.5,1088.0,1.1,8.5,-5.0,1821.9681,80.011345
1,66700,ORCHIDS,1083,9,1082.0,5.0,1076.0,40.0,1091,9,1092.0,5.0,1098.0,40.0,1087.0,0.0,1086.0,1088.0,1.1,8.5,-5.0,1821.5156,80.023766
1,66800,ORCHIDS,1084,8,1083.0,4.0,1077.0,51.0,1091,8,1092.0,4.0,1099.0,51.0,1087.5,0.0,1087.0,1088.5,1.1,8.5,-5.0,1821.0634,80.036194
1,66900,ORCHIDS,1086,5,1085.0,2.0,1078.0,38.0,1093,5,1094.0,2.0,1100.0,38.0,1089.5,0.0,1088.5,1090.0,1.1,8.5,-5.0,1820.6115,80.04863
1,67000,ORCHIDS,1085,8,1084.0,3.0,1077.0,45.0,1092,8,1093.0,3.0,1099.0,45.0,1088.5,0.0,1087.5,1089.0,1.1,8.5,-5.0,1820.1599,80.06107
1,67100,ORCHIDS,1084,8,1083.0,3.0,1076.0,45.0,1091,8,1092.0,3.0,1098.0,45.0,1087.5,0.0,1086.5,1088.0,1.1,8.5,-5.0,1819.7086,80.073524
1,67200,ORCHIDS,1082,5,1081.0,4.0,1075.0,42.0,1089,5,1090.0,4.0,1097.0,42.0,1085.5,0.0,1085.0,1086.5,1.1,8.5,-5.0,1819.2576,80.08598
1,67300,ORCHIDS,1081,8,1080.0,2.0,1074.0,51.0,1088,8,1089.0,2.0,1096.0,51.0,1084.5,0.0,1084.0,1085.5,1.1,8.5,-5.0,1818.807,80.09845
1,67400,ORCHIDS,1081,10,1080.0,5.0,1074.0,47.0,1088,10,1089.0,5.0,1096.0,47.0,1084.5,0.0,1084.0,1085.5,1.1,8.5,-5.0,1818.3567,80.11092
1,67500,ORCHIDS,1081,10,1080.0,5.0,1074.0,56.0,1089,10,1090.0,5.0,1096.0,56.0,1085.0,0.0,1084.0,1086.0,1.1,8.5,-5.0,1817.9067,80.123405
1,67600,ORCHIDS,1081,9,1080.0,5.0,1074.0,52.0,1088,9,1089.0,5.0,1096.0,52.0,1084.5,0.0,1084.0,1085.5,1.1,8.5,-5.0,1817.457,80.135895
1,67700,ORCHIDS,1081,8,1080.0,3.0,1074.0,50.0,1088,8,1089.0,3.0,1096.0,50.0,1084.5,0.0,1084.0,1085.5,1.1,8.5,-5.0,1817.0078,80.1484
1,67800,ORCHIDS,1081,9,1080.0,4.0,1074.0,50.0,1088,9,1089.0,4.0,1096.0,50.0,1084.5,0.0,1084.0,1085.5,1.1,8.5,-5.0,1816.5588,80.160904
1,67900,ORCHIDS,1081,9,1080.0,3.0,1074.0,50.0,1088,9,1089.0,3.0,1096.0,50.0,1084.5,0.0,1084.0,1085.5,1.1,8.5,-5.0,1816.1101,80.173416
1,68000,ORCHIDS,1082,7,1081.0,4.0,1075.0,49.0,1089,7,1090.0,4.0,1097.0,49.0,1085.5,0.0,1085.0,1086.5,1.1,8.5,-5.0,1815.6619,80.18594
1,68100,ORCHIDS,1081,10,1080.0,3.0,1074.0,43.0,1088,10,1089.0,3.0,1096.0,43.0,1084.5,0.0,1084.0,1085.5,1.1,8.5,-5.0,1815.2139,80.19847
1,68200,ORCHIDS,1078,8,1077.0,5.0,1070.0,44.0,1085,8,1086.0,5.0,1092.0,44.0,1081.5,0.0,1080.5,1082.0,1.1,8.5,-5.0,1814.7662,80.21101
1,68300,ORCHIDS,1079,9,1078.0,4.0,1071.0,45.0,1086,9,1087.0,4.0,1093.0,45.0,1082.5,0.0,1081.5,1083.0,1.1,8.5,-5.0,1814.319,80.223564
1,68400,ORCHIDS,1080,10,1079.0,4.0,1072.0,57.0,1087,10,1088.0,4.0,1094.0,57.0,1083.5,0.0,1082.5,1084.0,1.1,8.5,-5.0,1813.8721,80.23612
1,68500,ORCHIDS,1079,5,1078.0,5.0,1072.0,47.0,1086,5,1087.0,5.0,1094.0,47.0,1082.5,0.0,1082.0,1083.5,1.1,8.5,-5.0,1813.4254,80.24869
1,68600,ORCHIDS,1078,5,1077.0,4.0,1071.0,37.0,1085,5,1086.0,4.0,1093.0,37.0,1081.5,0.0,1081.0,1082.5,1.1,8.5,-5.0,1812.9792,80.26126
1,68700,ORCHIDS,1079,7,1078.0,2.0,1071.0,40.0,1086,7,1087.0,2.0,1093.0,40.0,1082.5,0.0,1081.5,1083.0,1.1,8.5,-5.0,1812.5333,80.27384
1,68800,ORCHIDS,1078,5,1077.0,5.0,1070.0,50.0,1085,5,1086.0,5.0,1092.0,50.0,1081.5,0.0,1080.5,1082.0,1.1,8.5,-5.0,1812.0878,80.28644
1,68900,ORCHIDS,1078,5,1077.0,5.0,1070.0,38.0,1085,5,1086.0,5.0,1092.0,38.0,1081.5,0.0,1080.5,1082.0,1.1,8.5,-5.0,1811.6427,80.299034
1,69000,ORCHIDS,1078,8,1077.0,4.0,1071.0,54.0,1085,8,1086.0,4.0,1093.0,54.0,1081.5,0.0,1081.0,1082.5,1.1,8.5,-5.0,1811.1979,80.311646
1,69100,ORCHIDS,1077,10,1076.0,5.0,1070.0,45.0,1084,10,1085.0,5.0,1092.0,45.0,1080.5,0.0,1080.0,1081.5,1.1,8.5,-5.0,1810.7534,80.324265
1,69200,ORCHIDS,1077,10,1076.0,4.0,1069.0,54.0,1084,10,1085.0,4.0,1092.0,54.0,1080.5,0.0,1079.5,1081.5,1.1,8.5,-5.0,1810.3093,80.33689
1,69300,ORCHIDS,1076,9,1075.0,3.0,1069.0,54.0,1083,9,1084.0,3.0,1091.0,54.0,1079.5,0.0,1079.0,1080.5,1.1,8.5,-5.0,1809.8656,80.34953
1,69400,ORCHIDS,1076,7,1075.0,3.0,1069.0,55.0,1084,7,1085.0,3.0,1091.0,55.0,1080.0,0.0,1079.0,1081.0,1.1,8.5,-5.0,1809.4221,80.362175
1,69500,ORCHIDS,1077,10,1076.0,2.0,1070.0,52.0,1084,10,1085.0,2.0,1092.0,52.0,1080.5,0.0,1080.0,1081.5,1.1,8.5,-5.0,1808.9791,80.37483
1,69600,ORCHIDS,1077,10,1076.0,3.0,1070.0,53.0,1085,10,1086.0,3.0,1092.0,53.0,1081.0,0.0,1080.0,1082.0,1.1,8.5,-5.0,1808.5365,80.3875
1,69700,ORCHIDS,1074,10,1073.0,3.0,1067.0,47.0,1081,10,1082.0,3.0,1089.0,47.0,1077.5,0.0,1077.0,1078.5,1.1,8.5,-5.0,1808.0942,80.40018
1,69800,ORCHIDS,1072,6,1071.0,2.0,1065.0,39.0,1079,6,1080.0,2.0,1087.0,39.0,1075.5,0.0,1075.0,1076.5,1.1,8.5,-5.0,1807.6523,80.41286
1,69900,ORCHIDS,1073,9,1072.0,5.0,1065.0,50.0,1080,9,1081.0,5.0,1087.0,50.0,1076.5,0.0,1075.5,1077.0,1.1,8.5,-5.0,1807.2109,80.42555
1,70000,ORCHIDS,1073,5,1072.0,5.0,1065.0,50.0,1080,5,1081.0,5.0,1087.0,50.0,1076.5,0.0,1075.5,1077.0,1.1,8.5,-5.0,1806.7698,80.438255
1,70100,ORCHIDS,1071,9,1070.0,4.0,1064.0,52.0,1078,9,1079.0,4.0,1086.0,52.0,1074.5,0.0,1074.0,1075.5,1.1,8.5,-5.0,1806.329,80.45097
1,70200,ORCHIDS,1072,10,1071.0,3.0,1064.0,55.0,1079,10,1080.0,3.0,1086.0,55.0,1075.5,0.0,1074.5,1076.0,1.1,8.5,-5.0,1805.8885,80.46369
1,70300,ORCHIDS,1074,6,1073.0,4.0,1067.0,51.0,1081,6,1082.0,4.0,1089.0,51.0,1077.5,0.0,1077.0,1078.5,1.1,8.5,-5.0,1805.4486,80.47643
1,70400,ORCHIDS,1074,5,1073.0,4.0,1067.0,46.0,1081,5,1082.0,4.0,1089.0,46.0,1077.5,0.0,1077.0,1078.5,1.1,8.5,-5.0,1805.009,80.489174
1,70500,ORCHIDS,1073,6,1072.0,3.0,1066.0,50.0,1077,8,1080.0,6.0,1081.0,3.0,1075.0,0.0,1076.0,1077.5,1.1,8.5,-5.0,1804.5697,80.50192
1,70600,ORCHIDS,1073,5,1072.0,3.0,1066.0,49.0,1081,5,1082.0,3.0,1088.0,49.0,1077.0,0.0,1076.0,1078.0,1.1,8.5,-5.0,1804.1309,80.51469
1,70700,ORCHIDS,1073,8,1072.0,2.0,1066.0,45.0,1081,8,1082.0,2.0,1088.0,45.0,1077.0,0.0,1076.0,1078.0,1.1,8.5,-5.0,1803.6925,80.527466
1,70800,ORCHIDS,1072,7,1071.0,2.0,1065.0,50.0,1079,7,1080.0,2.0,1087.0,50.0,1075.5,0.0,1075.0,1076.5,1.1,8.5,-5.0,1803.2544,80.540245
1,70900,ORCHIDS,1073,6,1072.0,2.0,1066.0,41.0,1080,6,1081.0,2.0,1088.0,41.0,1076.5,0.0,1076.0,1077.5,1.0,8.5,-5.0,1802.8168,80.55304
1,71000,ORCHIDS,1073,7,1072.0,5.0,1066.0,56.0,1080,7,1081.0,5.0,1087.0,56.0,1076.5,0.0,1075.5,1077.0,1.0,8.5,-5.0,1802.3794,80.56585
1,71100,ORCHIDS,1073,9,1072.0,3.0,1066.0,54.0,1080,9,1081.0,3.0,1088.0,54.0,1076.5,0.0,1075.5,1077.5,1.0,8.5,-5.0,1801.9426,80.57866
1,71200,ORCHIDS,1073,8,1072.0,4.0,1066.0,51.0,1080,8,1081.0,4.0,1088.0,51.0,1076.5,0.0,1075.5,1077.5,1.0,8.5,-5.0,1801.5061,80.591484
1,71300,ORCHIDS,1073,6,1072.0,5.0,1066.0,51.0,1077,6,1080.0,6.0,1081.0,5.0,1075.0,0.0,1076.0,1077.5,1.0,8.5,-5.0,1801.0701,80.604324
1,71400,ORCHIDS,1073,8,1072.0,2.0,1066.0,56.0,1081,8,1082.0,2.0,1088.0,56.0,1077.0,0.0,1076.0,1078.0,1.0,8.5,-5.0,1800.6343,80.61717
1,71500,ORCHIDS,1079,8,1076.0,5.0,1075.0,5.0,1083,5,1084.0,5.0,1090.0,53.0,1081.0,0.0,1078.5,1080.0,1.0,8.5,-5.0,1800.1991,80.63003
1,71600,ORCHIDS,1075,7,1074.0,5.0,1068.0,53.0,1082,7,1083.0,5.0,1089.0,53.0,1078.5,0.0,1077.5,1079.0,1.0,8.5,-5.0,1799.7642,80.6429
1,71700,ORCHIDS,1072,5,1071.0,4.0,1065.0,37.0,1079,5,1080.0,4.0,1087.0,37.0,1075.5,0.0,1075.0,1076.5,1.0,8.5,-5.0,1799.3297,80.65578
1,71800,ORCHIDS,1072,9,1071.0,3.0,1065.0,58.0,1079,9,1080.0,3.0,1086.0,58.0,1075.5,0.0,1074.5,1076.0,1.0,8.5,-5.0,1798.8958,80.66867
1,71900,ORCHIDS,1073,8,1072.0,3.0,1066.0,49.0,1080,8,1081.0,3.0,1087.0,49.0,1076.5,0.0,1075.5,1077.0,1.0,8.5,-5.0,1798.462,80.68157
1,72000,ORCHIDS,1072,5,1071.0,2.0,1065.0,41.0,1079,5,1080.0,2.0,1086.0,41.0,1075.5,0.0,1074.5,1076.0,1.0,8.5,-5.0,1798.0288,80.69448
1,72100,ORCHIDS,1073,7,1072.0,2.0,1066.0,47.0,1080,7,1081.0,2.0,1087.0,47.0,1076.5,0.0,1075.5,1077.0,1.0,8.5,-5.0,1797.5961,80.707405
1,72200,ORCHIDS,1073,6,1072.0,2.0,1066.0,48.0,1080,6,1081.0,2.0,1087.0,48.0,1076.5,0.0,1075.5,1077.0,1.0,8.5,-5.0,1797.1637,80.72034
1,72300,ORCHIDS,1072,5,1071.0,4.0,1065.0,50.0,1076,10,1079.0,5.0,1080.0,4.0,1074.0,0.0,1075.0,1076.5,1.0,8.5,-5.0,1796.7317,80.733284
1,72400,ORCHIDS,1071,10,1070.0,2.0,1064.0,49.0,1075,10,1078.0,10.0,1079.0,2.0,1073.0,0.0,1074.0,1075.5,1.0,8.5,-5.0,1796.3002,80.74624
1,72500,ORCHIDS,1071,9,1070.0,5.0,1064.0,51.0,1079,9,1080.0,5.0,1086.0,51.0,1075.0,0.0,1074.0,1076.0,1.0,8.5,-5.0,1795.869,80.75921
1,72600,ORCHIDS,1071,7,1070.0,5.0,1064.0,45.0,1078,7,1079.0,5.0,1086.0,45.0,1074.5,0.0,1074.0,1075.5,1.0,8.5,-5.0,1795.4384,80.772194
1,72700,ORCHIDS,1070,8,1069.0,4.0,1063.0,51.0,1077,8,1078.0,4.0,1085.0,51.0,1073.5,0.0,1073.0,1074.5,1.0,8.5,-5.5,1795.008,80.78519
1,72800,ORCHIDS,1071,7,1070.0,5.0,1064.0,49.0,1078,7,1079.0,5.0,1086.0,49.0,1074.5,0.0,1074.0,1075.5,1.0,8.5,-5.5,1794.5782,80.79819
1,72900,ORCHIDS,1072,6,1071.0,2.0,1065.0,54.0,1079,6,1080.0,2.0,1087.0,54.0,1075.5,0.0,1075.0,1076.5,1.0,8.5,-5.5,1794.1488,80.8112
1,73000,ORCHIDS,1071,7,1070.0,4.0,1064.0,44.0,1078,7,1079.0,4.0,1085.0,44.0,1074.5,0.0,1073.5,1075.0,1.0,8.5,-5.5,1793.7198,80.82423
1,73100,ORCHIDS,1072,8,1071.0,5.0,1065.0,54.0,1079,8,1080.0,5.0,1087.0,54.0,1075.5,0.0,1075.0,1076.5,1.0,8.5,-5.5,1793.2913,80.837265
1,73200,ORCHIDS,1073,8,1072.0,4.0,1066.0,56.0,1080,8,1081.0,4.0,1088.0,56.0,1076.5,0.0,1076.0,1077.5,1.0,8.5,-5.5,1792.8632,80.85032
1,73300,ORCHIDS,1073,9,1072.0,3.0,1066.0,42.0,1080,9,1081.0,3.0,1088.0,42.0,1076.5,0.0,1075.5,1077.5,1.0,8.5,-5.5,1792.4355,80.86338
1,73400,ORCHIDS,1074,8,1073.0,4.0,1067.0,58.0,1081,8,1082.0,4.0,1089.0,58.0,1077.5,0.0,1077.0,1078.5,1.0,8.5,-5.5,1792.0083,80.87646
1,73500,ORCHIDS,1076,5,1075.0,4.0,1069.0,44.0,1083,5,1084.0,4.0,1090.0,44.0,1079.5,0.0,1078.5,1080.0,1.0,8.5,-5.5,1791.5815,80.88954
1,73600,ORCHIDS,1074,8,1073.0,4.0,1067.0,50.0,1081,8,1082.0,4.0,1088.0,50.0,1077.5,0.0,1076.5,1078.0,1.0,8.5,-5.5,1791.1552,80.90264
1,73700,ORCHIDS,1074,10,1073.0,2.0,1067.0,47.0,1081,10,1082.0,2.0,1089.0,47.0,1077.5,0.0,1076.5,1078.5,1.0,8.5,-5.5,1790.7292,80.91575
1,73800,ORCHIDS,1074,7,1073.0,2.0,1067.0,55.0,1081,7,1082.0,2.0,1089.0,55.0,1077.5,0.0,1077.0,1078.5,1.0,8.5,-5.5,1790.3038,80.92888
1,73900,ORCHIDS,1076,7,1075.0,2.0,1069.0,50.0,1083,7,1084.0,2.0,1091.0,50.0,1079.5,0.0,1079.0,1080.5,1.0,8.5,-5.5,1789.8788,80.94201
1,74000,ORCHIDS,1075,10,1074.0,3.0,1068.0,45.0,1082,10,1083.0,3.0,1089.0,45.0,1078.5,0.0,1077.5,1079.0,1.0,8.5,-5.5,1789.4542,80.95516
1,74100,ORCHIDS,1075,8,1074.0,4.0,1068.0,50.0,1082,8,1083.0,4.0,1089.0,50.0,1078.5,0.0,1077.5,1079.0,1.0,8.5,-5.5,1789.0302,80.96832
1,74200,ORCHIDS,1073,8,1072.0,5.0,1066.0,50.0,1080,8,1081.0,5.0,1088.0,50.0,1076.5,0.0,1076.0,1077.5,1.0,8.5,-5.5,1788.6066,80.98149
1,74300,ORCHIDS,1072,9,1071.0,4.0,1065.0,56.0,1079,9,1080.0,4.0,1087.0,56.0,1075.5,0.0,1075.0,1076.5,1.0,8.5,-5.5,1788.1833,80.99468
1,74400,ORCHIDS,1072,10,1071.0,2.0,1065.0,50.0,1079,10,1080.0,2.0,1087.0,50.0,1075.5,0.0,1075.0,1076.5,1.0,8.5,-5.5,1787.7606,81.00788
1,74500,ORCHIDS,1071,5,1070.0,3.0,1064.0,46.0,1078,5,1079.0,3.0,1086.0,46.0,1074.5,0.0,1074.0,1075.5,1.0,8.5,-5.5,1787.3384,81.02109
1,74600,ORCHIDS,1070,8,1069.0,4.0,1063.0,48.0,1072,3,1077.0,8.0,1078.0,4.0,1071.0,0.0,1073.0,1074.5,1.0,8.5,-5.5,1786.9166,81.03432
1,74700,ORCHIDS,1072,10,1071.0,3.0,1065.0,53.0,1079,10,1080.0,3.0,1086.0,53.0,1075.5,0.0,1074.5,1076.0,1.0,8.5,-5.5,1786.4952,81.047554
1,74800,ORCHIDS,1072,6,1071.0,5.0,1065.0,37.0,1079,6,1080.0,5.0,1086.0,37.0,1075.5,0.0,1074.5,1076.0,1.0,8.5,-5.5,1786.0745,81.0608
